1483 2860
296 255 321 292 4
535 240 1188 282 INTRODUCTIO.

299 361 334 389 et
365 350 555 389 consilium
588 351 671 399 cepi
707 350 745 387 in
781 350 1093 388 commentatione
1121 350 1166 387 de
1190 350 1256 386 hac
1282 359 1414 395 quaes·

298 420 402 458 tione
432 419 620 458 scribenda
653 431 752 457 meas
776 419 873 456 vires
900 420 1062 457 tentandi
1091 419 1409 467 periclitandique.

303 489 413 527 Unde
451 490 590 526 factum
626 497 709 535 est,
739 497 779 525 ut
813 488 927 534 hocce
955 491 1177 536 opusculum
1203 488 1249 526 fit
1271 497 1413 542 natum.

306 556 539 604 Opusculum
570 567 658 594 vero
694 567 814 594 meum
848 556 1052 604 perfectum
1080 566 1116 594 et
1147 556 1321 593 omuibus
1348 565 1418 592 nu-

304 627 413 664 meris
443 625 653 665 absolutum
685 627 760 664 esse
799 626 890 664 mihi
927 615 973 663 in¹
1001 637 1159 664 mentem
1188 636 1266 663 non
1299 624 1418 663 venit.

310 696 471 734 Tantum
505 697 637 744 abest,
664 705 706 734 ut
729 696 778 734 ita
803 697 848 734 de
874 707 918 733 eo
944 697 1168 744 cogitarem,
1197 705 1238 733 ut
1263 695 1421 744 plurima

309 765 343 802 ei
374 765 498 804 deesse
520 766 689 804 lubenter
716 765 906 814 profitear.
960 767 1134 804 Attamen
1157 765 1318 813 benigno
1345 763 1423 801 ani-

311 846 373 872 mo
407 835 688 882 indulgentique
718 835 756 872 in
783 835 1073 873 imbecillitatem
1103 834 1283 883 imprimis
1308 834 1426 881 impe-

312 903 431 941 ritiam
462 904 750 952 audaciamque,
778 904 846 942 nifi
876 904 994 951 vitia,
1023 916 1116 952 quae
1140 913 1239 942 certe
1265 903 1422 951 adsunt,

309 973 462 1011 nimium
502 974 702 1013 clarisfimo
743 974 865 1011 ordini
907 974 1151 1021 displiceant,
1204 973 1425 1020 confidens,

312 1046 449 1083 hancce
477 1043 712 1093 scriptionem
738 1043 926 1082 clarisfimi
958 1042 1172 1081 Matheseos
1196 1051 1232 1080 et
1256 1041 1427 1091 physicae

316 1113 457 1151 ordinis
483 1112 626 1162 judicio
651 1113 844 1151 submitto,

368 1183 586 1231 Priusquam
622 1191 743 1221 autem
779 1183 824 1220 ad
862 1182 1113 1230 quaestionem
1139 1179 1346 1219 solvendam
1372 1192 1432 1218 ac-

314 1253 467 1298 cedam,
520 1263 638 1300 pauca
687 1253 775 1290 mihi
809 1252 1076 1299 praemonenda
1112 1251 1310 1298 videntur,
1363 1250 1430 1288 sci-

315 1322 403 1360 licet
440 1321 485 1358 de
520 1321 663 1360 diverso
714 1322 855 1368 modo,
909 1333 985 1368 quo
1027 1331 1215 1369 tangentes
1266 1320 1432 1358 confide-

316 1391 387 1429 rati
420 1402 534 1438 sunt,
563 1400 599 1429 et
625 1392 670 1428 de
699 1393 862 1438 ratione,
892 1403 963 1438 qua
990 1391 1183 1429 dividenda
1215 1394 1303 1429 haec
1332 1403 1434 1429 com-

322 1462 498 1500 mentatio
526 1461 618 1500 mihi
641 1461 804 1500 videtur.

373 1532 403 1569 I.
433 1532 604 1579 Antiquo
641 1543 732 1569 aevo
766 1531 1020 1569 Mathematici
1059 1531 1104 1569 ad
1138 1542 1273 1580 paucas
1305 1543 1437 1570 curvas

324 1608 516 1648 tangentes
552 1601 685 1637 ducere
717 1609 949 1648 potuerunt,
995 1599 1049 1637 uti
1077 1600 1171 1637 inter
1197 1601 1265 1638 alia
1288 1612 1308 1638 e
1330 1600 1443 1649 scrip-

325 1669 374 1708 tis
405 1670 575 1708 Euclidis
605 1680 642 1708 et
668 1670 869 1719 Apollonei
896 1671 1021 1718 Pei-gei
1050 1679 1164 1718 patet.
1215 1672 1322 1719 Aput
1346 1671 1442 1708 anti·

329 1751 427 1788 quos
463 1749 585 1778 autem
619 1749 810 1788 tangentes
847 1751 924 1778 non
960 1740 1065 1788 parvi
1098 1739 1236 1787 fuisse,
1287 1740 1444 1788 intelligi

330 1818 455 1858 potest
493 1822 512 1847 e
547 1810 697 1848 duobus
732 1809 868 1857 libris,
910 1821 1070 1857 quorum
1119 1818 1292 1856 tanquam
1335 1821 1445 1857 agen-

332 1879 424 1916 tium
463 1896 540 1928 περι
574 1883 725 1929 §ii-amma
770 1880 918 1927 Pappus
964 1878 1233 1917 Alexandrinus
1270 1879 1314 1928 1)
1345 1890 1448 1917 men-

331 1948 471 1987 tionem
507 1948 610 1986 fecit.
676 1949 836 1986 Simulac
872 1960 960 1985 vero
995 1948 1139 1996 algebra
1175 1959 1210 1986 et
1249 1949 1450 1996 geometria

337 2019 432 2057 inter
481 2029 521 2056 se
574 2018 925 2066 conjungebantur,
979 2017 1176 2056 methodus
1222 2019 1452 2066 tangentium

334 2087 450 2136 magis
486 2089 678 2136 magisque
712 2087 783 2125 sese
816 2087 994 2125 extendit.
1051 2088 1326 2126 Celeberrimus
1362 2088 1453 2127 Car·

338 2158 449 2197 telius
495 2157 626 2206 primis
675 2158 970 2195 annumerandus
1017 2166 1102 2204 est,
1156 2157 1235 2205 qui>
1261 2157 1298 2195 in
1331 2157 1455 2196 alteris

727 2272 730 2275 Δ
1373 2229 1457 2267 Ma·

386 2311 418 2348 ι)
441 2310 510 2340 Vid.
532 2310 657 2347 Puppi
675 2312 814 2348 Alex„
836 2313 931 2341 Math.
956 2310 1040 2340 Coll.
1065 2310 1133 2339 Lib.
1157 2310 1223 2339 vll.
1244 2318 1276 2347 p-
1300 2317 1369 2348 ³⁴³·
1417 2331 1419 2333 .
