1524 2850
361 268 895 327 ORATIO.
1130 269 1201 317 33.

72 414 122 452 ut
157 406 319 450 illarum
350 417 491 451 rerum
532 404 834 464 contemplatio
871 403 916 448 in
945 411 1095 455 nostra,
1118 403 1191 447 in·-

77 483 316 536 stitutione‚
348 482 463 527 omni
501 482 728 526 attentione
769 481 895 539 digna
929 495 1018 524 esse
1046 479 1194 524 videa-

74 567 158 605 tur.
249 560 363 604 Haec
402 559 543 604 omnia
583 574 683 618 ergo
729 559 925 604 tenenda.
1015 557 1196 618 Saepius

76 637 184 680 enim
225 637 380 680 factum
418 643 505 690 est,
559 643 607 680 ut
646 652 714 680 res
755 651 863 693 quae
887 634 1061 679 minoris
1096 648 1196 678 mo·-

74 712 204 757 menti
266 713 541 768 videbantur,
602 713 814 772 egregium
875 712 1194 773 possessoribus

74 788 153 837 illis
190 789 450 849 temporibus
480 790 692 838 attulerint
732 790 1072 834 emolumentum.

134 867 200 910 Ita
239 875 428 911 cessante
465 867 574 912 inter
613 867 841 912 Franciam
892 868 1065 925 ejusque
1120 880 1200 910 co-

77 942 212 987 lonias
258 951 298 988 et
345 944 537 1002 regiones
589 943 941 988 transmaritimas
986 958 1202 988 commer-

79 1020 174 1074 cio,
205 1034 284 1079 per
324 1020 476 1064 bellum
514 1019 617 1064 illud
657 1019 942 1064 saevissimum
982 1019 1098 1076 quod
1122 1033 1202 1078 per

78 1104 142 1142 tot
192 1112 326 1152 annos
378 1092 488 1141 inter
538 1096 909 1141 Gallo-Francos
958 1103 998 1140 et
1040 1095 1201 1153 Anglos

79 1180 243 1232 gestum
283 1179 373 1226 est,
416 1174 539 1232 plura
578 1180 675 1217 sunt
713 1173 879 1217 inventa
922 1180 963 1216 et
998 1172 1042 1215 in
1079 1187 1204 1216 usum

80 1258 254 1304 vocata,
313 1265 422 1307 quae
460 1249 542 1294 illis
582 1249 947 1301 substituerentur
981 1248 1204 1307 proventi-

80 1327 186 1381 bus,
219 1341 325 1384 quos
356 1334 477 1371 antea
505 1341 555 1371 ex
583 1326 827 1384 longinquis
855 1325 1099 1385 regionibus
1127 1339 1205 1369 ac-

80 1405 221 1464 cipere
242 1405 434 1449 solebant
460 1403 822 1457 Gallo-Franci,
853 1403 898 1446 in
928 1403 1081 1460 quibus
1108 1403 1206 1447 sue-

79 1497 128 1527 re
182 1472 463 1540 quae-‘tanto
513 1495 709 1525 successu
758 1479 1106 1540 producebantur
1163 1486 1207 1524 et

81 1566 247 1604 tantum
274 1558 487 1602 commodi
508 1558 819 1616 largiebantur,
844 1565 890 1602 ut
917 1556 1129 1614 hodieque
1156 1556 1204 1601 in

81 1651 204 1680 usum
239 1635 483 1680 manserint.

139 1712 232 1757 Hac
266 1712 429 1757 ratione
466 1712 660 1757 materies
702 1711 950 1775 saccharina
980 1726 1030 1756 ex
1058 1710 1203 1755 radice

83 1791 208 1836 betae
247 1790 410 1834 extrahi
456 1797 496 1835 et
550 1790 748 1834 chemicis
784 1789 1096 1833 encheiresibus
1124 1788 1205 1831 de·-

83 1867 259 1928 purari,
301 1874 529 1926 praeeunte
566 1867 759 1926 inprimis
787 1869 1013 1910 Aclzarclo
1044 1865 1209 1925 coepit3

82 1944 161 1988 tali
196 1958 290 1988 cum
335 1958 558 1997 successu,
588 1951 635 1987 ut
677 1943 927 1987 saccharum
967 1943 1050 1987 hoc
1077 1942 1210 1986 modo

31 2016 38 2025 ⁶
87 2028 306 2081 paratum,
345 2021 542 2065 omnibus
581 2020 751 2065 dotibus
783 2020 946 2079 optimo
989 2035 1038 2063 cx
1076 2033 1210 2063 arun-

88 2098 187 2142 dine
226 2097 512 2142 saccharifero
544 2098 750 2155 acquisito
783 2097 1019 2150 saccharo,
1061 2094 1215 2153 aequi-

91 2176 326 2234 parandum
356 2175 509 2231 suerit3
542 2182 582 2219 et
610 2183 727 2218 tanta
758 2173 991 2231 quantitate
1032 2173 1116 2230 jam
1165 2171 1211 2215 in

87 2265 215 2298 usum
239 2252 452 2311 publicum
481 2251 657 2297 concedi
683 2251 894 2312 potuerit,
910 2258 957 2295 ut
980 2249 1074 2294 usui
1100 2263 1215 2306 quo-

636 2326 671 2377 C
1083 2325 1214 2370 tidia-
