1560 2860
320 286 396 329 30³
650 283 1070 331 ORATIO„

312 426 386 471 sed
427 426 670 470 adversante
703 424 844 484 potius'
887 423 1016 467 modo
1050 424 1279 468 memorata
1313 424 1423 469 doc-

313 502 422 545 trina
439 534 450 555 ,
481 504 659 559 quacum
685 500 886 556 ejusmodi
911 502 1203 543 ratiocinatio
1224 515 1310 545 non
1336 517 1421 561 op-

312 578 410 623 time
443 593 542 622 sane
577 576 839 628 concineret,
876 576 1149 621 certissimum
1186 576 1290 621 mihi
1328 593 1432 624 esset

313 653 488 697 videtur.

364 728 515 771 Verum
543 729 772 772 cavendum
800 727 923 772 nobis
951 733 1033 778 est,
1059 740 1111 771 ne
1128 727 1238 783 justo
1268 728 1419 774 diutius

310 811 471 862 gratum
494 803 801 860 jucundumque
827 804 1109 862 spectaculum
1134 818 1212 847 nos
1237 804 1419 850 detineat

312 880 695 938 Philosophorum,
730 880 782 934 de
819 880 945 924 rebus
977 878 1138 923 Divinis
1171 880 1294 938 longe
1322 896 1418 924 ma-

310 955 372 1014 gis
397 954 741 1000 consentientium
756 987 767 1007 ‚
786 969 911 1011 quam
925 962 1042 1012 putet
1071 954 1277 1013 quispiam
1291 987 1302 1007 ,
1319 954 1416 1012 qui,

312 1031 527 1075 exterioris
548 1037 709 1074 tantum
732 1030 891 1073 formae
925 1028 1187 1084 diversitate,
1221 1038 1291 1074 aut
1318 1046 1419 1075 ver...

308 1107 459 1152 borum
488 1106 829 1162 locutionumque
853 1104 1138 1148 technicarum
1167 1106 1415 1166 discrepan—

306 1183 393 1237 tia,
451 1183 707 1241 singulorum
748 1182 916 1226 decreta
960 1180 1252 1225 aestimaverit.
1349 1181 1414 1227 Ex

309 1258 473 1302 duobus
509 1257 635 1316 igitur
674 1256 762 1310 his,
808 1271 914 1313 quos
941 1255 1194 1309 monstravi,
1227 1256 1413 1300 fontibus

309 1333 487 1378 sanioris
516 1333 567 1377 de
597 1332 773 1377 Summo
795 1331 973 1376 Numine
998 1331 1296 1391 Philosophiae
1324 1332 1415 1376 vel-

307 1409 367 1453 uti
406 1410 556 1453 flumen
595 1407 837 1461 deducitur,
868 1407 912 1450 in
943 1407 1182 1451 innumeros
1219 1423 1414 1467 sparsum

306 1485 489 1538 rivulos,
522 1499 571 1528 ac
598 1492 689 1528 tam
719 1485 798 1527 late
840 1484 973 1526 susum
991 1514 1002 1535 ,
1035 1498 1159 1538 quam
1201 1484 1293 1527 Tua
1329 1499 1412 1543 pa-

304 1569 420 1615 tent,
453 1575 478 1604 0
510 1560 646 1604 Deus!
677 1560 721 1603 in
759 1558 915 1602 mundo
943 1557 1120 1616 physico
1161 1565 1200 1602 et
1235 1559 1383 1603 morali
1398 1592 1418 1614 ,.

305 1650 461 1696 opera,
507 1635 690 1679 omnium
738 1634 1012 1678 admiratione
1054 1634 1322 1693 dignissima!
1356 1661 1414 1671 —

303 1712 423 1757 Hanc
461 1720 598 1756 autem
640 1710 938 1773 disquisitionis
982 1710 1199 1754 materiam
1240 1711 1412 1754 uberri-

301 1803 412 1833 mam
462 1788 520 1831 ita
564 1786 853 1846 complectitur
904 1785 1114 1830 Historiae
1156 1786 1410 1846 discipulus,

302 1871 372 1916 ut,
403 1863 751 1922 prudentissimae
779 1861 900 1919 hujus
929 1862 1155 1920 Magistrae
1186 1862 1279 1906 voci
1312 1878 1411 1908 mo-

302 1939 480 1996 nitisque
507 1940 831 1997 obtemperans,
859 1939 1055 1997 scopulos
1085 1938 1238 1983 evitare
1277 1953 1411 1984 cone-

285 2023 395 2082 jur,
451 2014 685 2060 contrarios
728 2013 914 2070 quidem,
974 2013 1048 2058 sed
1085 2014 1196 2058 idem
1238 2015 1410 2058 incauto

300 2091 562 2149 naufragium
591 2090 736 2148 singuli
754 2090 980 2135 minantes.
1040 2090 1154 2136 Haec
1187 2091 1296 2135 enim
1334 2106 1409 2134 sa·-

299 2166 479 2226 pientiae
509 2167 604 2211 Dux
631 2173 670 2210 et
696 2166 879 2209 omnium
910 2173 1144 2224 temporum
1167 2174 1207 2210 et
1237 2172 1406 2210 nostrae

300 2242 563 2303 potissimum
590 2242 735 2287 aetatis
763 2241 1044 2301 Philosophus
1070 2241 1126 2286 ita
1159 2242 1403 2300 compellat:

302 2335 328 2370 q(
359 2317 651 2377 Accepisti3‚’'
684 2316 856 2370 aiij-lla,
888 2334 912 2361 ε(
945 2318 1045 2374 qui,
1076 2318 1406 2375 antiquoaevo„

1228 2390 1405 2436 'stoi-
