1483 2860
266 304 338 338 120
484 291 1180 341 COMMENTATM),

265 384 440 443 effectum
462 400 640 439 haberent
669 400 844 447 Montem
869 400 1049 449 reliquit,
1077 401 1115 439 in
1131 400 1293 440 Geiriam
1322 396 1390 439 νεῴ

260 470 319 509 'nit
343 479 380 509 et
397 499 409 516 ‚
430 471 542 519 *quod
570 480 820 520 perpetuum,
838 483 915 519 quo
936 471 1190 520 affligebatur,
1205 480 1282 509 erat
1313 482 1390 510 ma-

260 538 338 583 ium
355 568 368 586 ,
397 540 576 588 pecuniae
601 540 728 589 inopia
757 549 911 579 coactus
927 568 942 588 ‚
969 540 1145 589 stipendia
1168 539 1292 578 omnia
1317 538 1391 577 sol-

263 621 350 648 vere
366 621 450 648 cum
465 621 542 656 non
561 609 690 659 posset
702 639 715 658 ,
726 609 938 649 seditiosum
953 611 1154 650 exercitum
1164 607 1301 648 dimifit
1314 608 1390 657 (1).

283 686 285 689 ’
315 679 476 719 Difficile
509 682 708 719 admodum
741 689 827 728 est,
865 689 955 729 post
987 689 1062 718 tam
1094 689 1268 728 magnum
1295 686 1391 716 tem-

269 749 375 799 poris
402 750 667 797 intervallum,
703 761 762 788 res
800 749 900 788 bello
934 761 954 788 a
979 751 1074 788 duce
1108 749 1236 797 aliquo
1270 744 1393 797 gestas

268 819 502 869 dijudicare,
541 821 652 869 cujus
687 821 850 858 rationes
896 829 933 858 et
964 820 1132 858 conditio
1168 817 1282 857 nobis
1314 826 1394 855 non

268 885 354 926 satis
388 887 473 926 sunt
512 888 736 937 perspectae.
792 888 897 927 Num
936 887 1053 937 igitur
1096 886 1401 926 Gulielmus‘

267 956 345 1004 ita,
374 965 417 996 ut
443 957 573 996 debuit
607 970 648 996 ac
673 957 829 1006 potuit,
855 958 924 996 hae
949 958 988 996 in
1015 952 1199 1007 re‘egerit
1220 956 1393 1005 equidem

266 1027 444 1065 affirmare
478 1039 558 1066 non
598 1028 783 1074 auderem.
838 1028 1010 1076 Verum,
1038 1025 1077 1065 ni
1114 1027 1226 1066 fallor
1246 1055 1260 1075 ,
1301 1027 1395 1066 Gu-

267 1096 479 1136 lielmus
508 1097 575 1136 illo
606 1106 775 1146 tempore
803 1097 948 1136 minore
972 1098 1144 1146 audacia,
1172 1109 1283 1146 quam
1310 1095 1397 1145 qui-

268 1168 349 1207 dem
382 1168 580 1216 prudentia
610 1167 698 1207 usus
731 1177 805 1206 est.
833 1169 1014 1217 Etenim,
1041 1179 1126 1207 cum
1162 1154 1391 1206 Albanus

267 1239 408 1277 vallum
439 1239 546 1278 suum
573 1239 698 1288 egredi
728 1237 938 1277 constanter
966 1247 1140 1288 negaret,
1171 1237 1304 1286 quidni
1336 1237 1394 1276 in·

271 1307 426 1347 stantius
475 1319 559 1346 eum
602 1309 756 1346 adortus
792 1316 849 1345 est
887 1308 1111 1347 Gulielm
1126 1319 1178 1346 us
1221 1318 1263 1344 ac
1307 1318 1394 1345 curn

270 1379 373 1417 omni
402 1378 465 1419 sua
501 1378 541 1417 vi
584 1378 623 1416 iu
660 1377 857 1416 Albani
891 1377 1119 1416 munitiones
1163 1376 1272 1415 irruit
1308 1375 1396 1415 fibi·

269 1459 345 1496 que
388 1447 488 1488 viam
526 1448 572 1488 ad
618 1449 765 1486 hostem
797 1446 1003 1496 patefecit?
1063 1447 1210 1484 Vitium
1246 1445 1393 1486 suarum

267 1517 446 1557 conscius
466 1546 480 1566 ,
542 1517 579 1555 se
627 1519 750 1559 valere
793 1526 937 1555 tantum
986 1516 1141 1555 fortasse
1183 1527 1261 1555 non
1310 1528 1398 1556 cen·
1433 1533 1436 1537 ’
1478 1509 1479 1513 ’

264 1587 355 1634 ssiit.
417 1586 541 1636 Atqui
581 1586 690 1625 etiam
730 1586 798 1625 fibi
839 1587 956 1635 probe
994 1587 1171 1625 conscius
1209 1596 1313 1635 er-at,
1358 1586 1395 1626 se

263 1656 411 1696 tantum
439 1656 666 1704 exercitum,
695 1656 910 1695 imminente
934 1656 1111 1705 pecuniae
1138 1657 1288 1706 inopia,
1315 1647 1395 1698 non

263 1729 330 1767 diu
359 1727 553 1766 continere
576 1725 699 1776 posse.
753 1727 902 1776 Quare,
924 1726 951 1765 fi
975 1739 1062 1765 cum
1086 1728 1271 1765 Albano
1297 1739 1395 1776 quo-

264 1809 428 1847 cumque
448 1797 594 1836 tandem
616 1796 742 1846 posset
766 1797 1176 1846 m0d0‚conflixisset‚
1203 1798 1297 1837 nihil
1312 1811 1395 1837 om·

1337 1869 1397 1908 ni-

306 1993 362 2030 (1)
383 1993 454 2026 Vid.
473 1995 528 2024 De
554 1993 713 2029 Tassis‚
734 1996 791 2030 op.
809 1995 831 2023 1.
849 2003 916 2031 pag.
938 1999 1002 2030 158.
1024 1996 1090 2032 sqq.
1111 2014 1146 2021 --
1165 1997 1327 2033 Viglius
1352 2001 1390 2030 ad

270 2048 526 2094 Hopperuw,
547 2049 646 2084 Epist.
672 2050 818 2083 chxix
835 2058 866 2078 et
883 2051 1021 2081 CLXXX.
1039 2066 1077 2073 —
1099 2053 1391 2097 Bentivovgiio„

269 2105 331 2140 Op.
352 2106 376 2134 1.
395 2113 462 2140 pag.
483 2114 547 2142 ¹42·
567 2107 633 2142 sqq.
654 2120 691 2128 —
711 2107 893 2135 Dinothu
907 2116 940 2144 ε,
963 2110 1021 2145 Op.
1041 2111 1064 2139 l.
1080 2117 1149 2145 pag.
1175 2118 1240 2147 ¹²9·
1260 2112 1326 2149 sqq.
1346 2129 1390 2138 ...-

271 2161 370 2197 Bor,
392 2163 455 2197 op.
477 2163 501 2191 1.
523 2162 583 2191 Lib
616 2164 751 2199 V1.}s01.
769 2172 837 2200 292.
858 2164 926 2200 sqq.
945 2182 980 2190 -
1012 2166 1161 2202 Ηοοΐε,
1191 2169 1251 2203 Op.
1267 2170 1290 2197 1.
1319 2177 1389 2208 pag.

271 2225 340 2252 270.
361 2232 398 2240 -
422 2220 620 2255 Grotius,
642 2221 740 2255 Op.1.
761 2229 830 2256 pag.
851 2228 902 2256 37.
924 2236 963 2244 —
983 2223 1066 2250 Van
1095 2224 1299 2261 Metel-en,
1323 2227 1387 2265 op.

272 2276 293 2304 Ι.
311 2277 348 2317 μ.
365 2283 433 2313 με,
451 2279 501 2305 88.
521 2290 560 2299 -
581 2277 684 2308 Lmen
703 2284 763 2309 cet.
780 2279 821 2308 11.
836 2286 904 2314 paga
928 2287 995 2319 305.
1019 2280 1133 2319 sqq.—
1155 2280 1389 2322 &Vagenni-tt,

259 2327 332 2368 “otu
353 2333 374 2361 ¹-
396 2340 463 2369 γῆς.
479 2338 546 2368 387.
