1483 2860
137 471 1059 533 ΙΝΤῙὶΟΙΤῌὸ.Δ

91 688 438 764 Quemadmodum
463 711 508 748 de
530 709 723 760 plerisque
760 708 949 748 doctrinae
974 703 1069 748 locis
1097 694 1169 755 φη,

41 787 98 820 ter
149 781 317 820 eruditos
350 781 533 830 disputari
572 780 664 819 solet
680 809 694 828 ‚
736 779 787 820 fic
827 791 982 830 quoque
1021 769 1168 828 quaeri*-

41 860 125 898 ων,
175 850 221 890 de
273 849 379 890 causa
433 851 528 901 J'uris
590 860 627 890 et
677 851 948 901 obligationis,
1000 861 1095 900 quae
1145 837 1168 888 ‘e

40 922 161 971 pactis
200 921 392 960 oriuntur.
444 920 622 970 Longum
648 930 771 960 autem
799 931 837 960 et
866 932 887 960 a
915 927 1050 959 nostro
1076 926 1167 970 pro*-

41 991 166 1041 possto
203 991 362 1030 alienum
397 989 498 1029 foret
523 991 682 1029 diversas
706 990 902 1030 sententias
921 976 1165 1038 enumerare}

41 1060 90 1098 iis
123 1071 213 1098 vero
250 1059 493 1109 scriptoribus
523 1059 796 1099 assentiendum
824 1060 999 1107 videtur,
1027 1059 1096 1107 qui
1122 1045 1172 1098 de

41 1131 82 1168 vi
119 1131 415 1172 conventionum
461 1142 482 1169 e
518 1139 671 1169 naturae
705 1131 789 1180 jure
833 1128 883 1168 fic
926 1129 1005 1168 fere
1039 1129 1172 1188 dispul—

44 1209 124 1239 tant
150 1201 235 1250 (1).
289 1201 446 1240 Homini
475 1189 648 1239 concessa
674 1210 731 1239 est
755 1194 914 1239 facultas
941 1189 1170 1259 disponendi

44 1269 92 1309 de
126 1269 275 1320 juribus
320 1269 427 1320 suis,
480 1270 595 1320 igitur
647 1270 710 1309 illa
761 1281 916 1319 quoque
951 1269 989 1308 in
1015 1264 1173 1309 alterurn

44 1340 244 1379 transferre
275 1348 417 1387 potest.
472 1339 600 1379 Nobis
627 1340 726 1379 enim
747 1336 818 1379 hac
841 1348 971 1379 nostra
995 1339 1172 1387 libertate

46 1410 103 1448 uti
142 1411 256 1458 licet,
294 1410 402 1450 salvis
442 1410 598 1449 aliorum
632 1410 799 1461 juribus.
864 1410 1008 1462 Quodfi
1055 1395 1174 1461 igitui·

48 1479 270 1520 sufficienter
295 1481 400 1519 alteri
429 1482 660 1520 voluntatem
686 1490 851 1521 nostram
877 1481 1176 1531 declaravimus,

49 1551 263 1599 portionem
303 1552 498 1599 quamdam
538 1551 720 1591 libertatis
758 1560 909 1591 nostrae
945 1552 985 1590 in
1015 1551 1175 1590 aliorum

49 1609 251 1660 arbitrium
278 1620 516 1670 conferendi,
557 1630 594 1660 et
619 1622 712 1661 alter
734 1622 1017 1671 promissionem
1045 1623 1179 1672 accep-

50 1692 174 1740 tavit,
215 1690 382 1739 sequitur
418 1693 630 1742 portionem
669 1693 769 1731 illam
804 1693 986 1732 libertatis
1022 1699 1177 1732 nostrae

53 1771 131 1800 non
162 1761 322 1811 amplius
346 1763 392 1800 ad
419 1773 490 1801 nos
516 1762 699 1811 pertinere
723 1771 761 1801 et
783 1763 822 1801 in
861 1763 1013 1802 alterius
1046 1761 1178 1812 potes‘-

50 1839 126 1870 tate
146 1830 295 1871 versari.
347 1831 446 1871 HInc
477 1833 591 1882 igitur
615 1832 781 1872 constare
818 1833 968 1871 videtur
991 1839 1056 1882 per
1088 1844 1176 1882 pac-

54 1911 157 1950 tum,
180 1903 243 1952 jus
265 1929 279 1950 ,
303 1903 407 1951 quod
431 1902 635 1950 promissor
657 1903 811 1951 habuit,
836 1902 875 1940 in
897 1901 1175 1952 promissat-ium

54 1972 274 2020 transferri,
311 1972 449 2011 etiamst
486 1974 587 2011 nulla
620 1973 720 2011 datio
759 1982 824 2012 aut
858 1971 948 2010 facti
974 1971 1174 2021 praestatio

56 2042 261 2082 accesserit.
312 2044 411 2082 Cum
437 2054 559 2082 autem
586 2056 606 2082 a
631 2043 752 2082 sancta
776 2052 968 2092 pactorum
1005 2040 1177 2079 observa-

57 2113 160 2152 tione
183 2112 391 2162 praesertim
413 2115 549 2164 pendet
575 2114 715 2164 jurium
737 2112 969 2152 conservatio
985 2120 1022 2150 et
1037 2113 1175 2158 tutela,

579 2184 585 2187 ’
1083 2190 1179 2230 quae

99 2283 156 2321 (ι)
175 2285 224 2314 Cf.
248 2282 375 2321 naus,
396 2285 494 2317 Eiem.
523 2286 584 2319 jur.
612 2291 672 2315 nat.
694 2287 723 2323 ξ.
749 2287 802 2321 167
828 2292 860 2314 et
885 2283 938 2319 qui
966 2283 1002 2311 ab
1029 2285 1067 2312 eo
1085 2280 1179 2314 c'mm‘

64 2350 125 2374 tur.

581 2398 667 2438 Aa
