1560 2860
212 214 341 245 XXVI

202 326 379 367 R10us,‘
400 313 673 359 CORNELIUS
689 315 961 366 Damnum,
983 314 1202 369 privatim
1231 310 1310 355 de-

201 391 322 437 fenso
353 390 580 450 specimine
617 391 819 435 historico
856 389 1033 448 juridico
1073 388 1127 432 de
1154 385 1310 431 condi-

199 466 314 511 tione
351 467 550 511 debitoris
585 467 774 512 obaerati
805 466 849 511 in
881 466 1016 525 patria
1039 471 1204 517 nostra,
1246 462 1307 507 ob

199 558 394 603 magnam
441 544 657 588 doctrinae
708 543 1005 602 praestantiam
1040 555 1133 586 cum
1157 538 1308 594 laude',

196 620 311 665 Juris
341 622 523 666 Romani
546 628 585 665 et
614 620 813 664 Hodierni
848 620 1011 663 Doctor
1039 618 1308 662 creatus'e'st.

252 694 346 734 Die
375 707 504 735 xxix
535 709 591 734 m.
630 692 789 748 szzii,
833 690 1017 743 JANUS‚
1060 688 1306 740 JAcoBUS3

195 768 429 813 ANDREAS
459 767 759 811 LUCHTMANS
776 799 788 820 ,
813 768 995 823 publice
1016 764 1190 809 defensa
1214 761 1307 807 dis-

195 843 419 888 sertatione
437 842 1017 904 physiologico-pathologica
1045 841 1096 885 de
1119 841 1308 898 absorp-

195 919 321 963 tionis
363 934 489 964 sanae
524 927 648 976 atque
687 921 909 963 morbosae
948 917 1186 962 discrimine
1203 947 1216 969 ,
1246 915 1305 959 o'b

196 1011 391 1054 magnam
426 996 642 1039 doctrinae
680 994 978 1053 praestantiam
1022 1006 1118 1036 cum
1156 990 1304 1046 laude,

194 1072 427 1117 Medicinae
452 1072 616 1116 Doctor
639 1078 801 1114 creatus
835 1077 908 1114 est.

250 1151 342 1193 Die
369 1165 478 1193 xxx
510 1166 568 1193 m.
587 1151 744 1200 Iunii,
773 1147 1180 1192 BARTHOLOMEUS
1196 1138 1305 1188 vnn

191 1225 352 1278 DoRP,
392 1227 614 1281 privatim
650 1223 823 1267 defenso
855 1221 1081 1280 specimine
1125 1219 1305 1278 juridico

190 1301 422 1360 inaugurali
452 1301 503 1345 de
536 1299 715 1358 legitima
742 1299 937 1358 portione
969 1297 1197 1341 secundum
1237 1297 1304 1352 jus
1368 1317 1370 1320 ⁴

190 1378 462 1430 hodiernum,
480 1377 536 1420 ob
555 1391 749 1434 magnam
775 1374 990 1418 doetrinae
1005 1372 1304 1431 praestantiam

191 1469 287 1500 cum
323 1454 471 1507 laude,
507 1453 622 1497 Juris
651 1451 834 1496 Romani
867 1457 906 1494 et
937 1449 1140 1494 Hodierni
1175 1449 1300 1494 Doc-

190 1539 260 1576 tor
294 1538 457 1574 creatus
481 1536 555 1574 est.
1304 1518 1307 1520 μ

245 1610 337 1650 Die
374 1622 393 1650 1
417 1608 627 1657 mdalii,
659 1605 848 1648 PETRUS
866 1635 877 1654 ‚
907 1603 1118 1646 JACOBUS
1135 1634 1148 1655 ,
1166 1602 1299 1646 Evn-

189 1697 314 1727 KINK
355 1683 591 1733 Bosmzns,
615 1683 797 1737 publice
835 1680 1005 1724 defensa
1043 1678 1300 1723 dissertatio·

189 1774 242 1804 ne
267 1759 494 1816 inaugurali
530 1758 582 1802 de
609 1756 917 1810 instrumentis,
948 1771 1055 1813 quae
1077 1756 1132 1799 ad
1156 1756 1307 1801 delicta

188 1836 412 1895 probanda
431 1835 670 1879 scribuntur
698 1834 752 1878 ab
776 1833 827 1877 iis
845 1866 858 1885 ‚
886 1833 1036 1890 quibus
1063 1833 1146 1877 hoe
1170 1847 1305 1891 nego-

188 1913 291 1957 tium
303 1919 478 1971 propter
492 1926 638 1955 munus
666 1910 905 1969 publicum,
929 1924 1013 1967 quo
1040 1910 1267 1967 funguntur
1285 1940 1299 1964 ‚

192 1989 281 2046 lege
322 1988 464 2032 datum
512 1995 573 2031 est
599 1995 638 2032 et
682 1987 970 2039 commissum,
1022 1987 1146 2044 vulgo
1185 2003 1306 2043 pro-

190 2082 337 2111 cessen
367 2067 555 2108 verhaal
569 2096 581 2116 ‚
612 2065 669 2107 ob
701 2078 895 2120 magnam
926 2063 1143 2108 doctrinae
1175 2076 1306 2120 prae-

190 2141 385 2186 stantiam
418 2155 511 2184 cum
530 2140 649 2184 laude
664 2172 676 2194 ,
708 2140 822 2186 suris
842 2140 1026 2185 Romani
1041 2147 1081 2184 et
1099 2138 1301 2184 Hodierni

189 2218 354 2263 Doctor
385 2225 549 2263 creatus
578 2224 652 2262 cst.

1205 2293 1299 2335 Die
