1483 2860
252 285 324 316 102
471 258 1140 309 COMMENTATIO

744 421 781 471 §·
834 429 872 468 s·

302 583 507 633 Postquam
536 581 883 629 Gulielmum‚
909 580 1041 621 inertia
1065 578 1208 628 magis,
1251 587 1363 626 quam

250 653 392 695 virtute
424 654 594 693 recedere
617 656 816 702 coegerat,
843 650 982 690 laetitia
1007 650 1186 690 exsultare
1211 646 1366 697 gaudio·

255 734 329 772 que
342 722 570 772 triumphare
594 722 689 762 Alb
702 733 797 760 anu
810 732 845 761 s.
897 722 986 761 Pars
1007 721 1201 769 Belgarum
1226 716 1366 767 patr-iae

254 791 500 832 amantissima
515 821 528 840 ,
540 791 616 831 acri
635 793 765 831 dolore
779 790 943 840 perculsa
969 790 1066 830 Alb
1077 800 1133 829 an
1145 789 1158 827 i
1172 786 1368 828 victoriam

253 862 350 900 clam
393 861 610 911 deplorabat
649 872 932 910 moeroremque
973 871 1080 908 aegre
1126 859 1166 897 in
1216 865 1371 907 pectore

253 931 535 981 comprimebat.
587 931 676 971 Pars
704 942 824 979 vero,
852 929 1047 970 deterioris
1076 925 1215 976 ingenii
1249 923 1373 965 homi-

253 1010 321 1039 nes
337 1028 352 1049 ,
378 1000 527 1049 tyranni
548 1000 682 1039 timore
706 1000 849 1039 imbuta
864 1027 879 1048 ‚
905 997 1110 1039 adulationi
1143 992 1343 1045 indulgens
1356 1023 1372 1044 ‚

253 1070 443 1112 Albani
475 1082 615 1110 nomen
645 1071 788 1111 summo
822 1070 944 1109 laudis
972 1068 1174 1119 praeconio
1209 1067 1249 1105 in
1285 1077 1375 1105 coe-

253 1140 334 1178 lum
355 1139 499 1180 ferebat
523 1141 584 1191 (1)
609 1140 849 1180 Albanus
865 1168 879 1188 ‚
906 1136 1076 1189 potentia
1106 1137 1169 1177 sua
1190 1136 1305 1176 nullis
1329 1135 1376 1173 li-

253 1209 410 1251 mitibus
454 1208 731 1262 citcumscripta
766 1210 959 1257 innitens,
1011 1208 1136 1249 omnia
1173 1207 1240 1248 suo
1276 1205 1377 1246 arbi-⁴

1296 1283 1373 1314 trio

291 1396 348 1437 (ι)
367 1398 481 1436 Impius
498 1400 640 1436 profecto
658 1406 690 1430 et
705 1398 823 1433 studiosi
839 1399 968 1430 nomine
991 1398 1131 1435 indignus
1149 1397 1216 1433 jure
1232 1398 1384 1433 haberer,

256 1455 278 1484 ss
310 1455 371 1485 hoc
398 1457 469 1486 loco
500 1456 744 1487 commilitonum
780 1465 919 1486 meorum
942 1456 1107 1492 ingenuum
1131 1463 1163 1485 er
1187 1457 1277 1491 plane
1301 1454 1380 1484 libe*

254 1511 319 1543 tale
343 1511 478 1550 facinus,
509 1514 595 1543 nullo
620 1513 720 1543 laudis
736 1513 903 1550 praeconio
927 1515 1124 1543 celebrarem.
1165 1512 1306 1549 Etenim,
1327 1510 1380 1541 etfi

254 1567 292 1600 ab
309 1575 484 1603 argumento
500 1576 606 1599 nostro
627 1570 760 1599 alienum
782 1571 836 1606 fit,
857 1570 907 1599 sua
924 1570 1013 1606 ipfius
1034 1569 1211 1606 praestantia
1229 1577 1300 1598 cum
1317 1576 1383 1598 om-

254 1623 288 1654 ui
310 1625 489 1660 posteritate
515 1626 733 1655 communicari
757 1627 871 1655 summe
894 1634 1038 1658 meretur.

295 1681 376 1712 Cum
392 1683 575 1712 Albanus
605 1683 793 1718 triumphans
819 1684 992 1713 Bruxellam
1019 1681 1134 1711 rediret
1158 1681 1384 1711 antecessorem

256 1738 408 1774 quendam
417 1739 640 1769 Lovaniensem
649 1739 750 1769 insana
759 1740 878 1768 incesfit
886 1739 999 1775 cupido
1011 1739 1126 1774 aliquid
1142 1740 1178 1767 ad
1197 1738 1323 1768 victoris
1332 1747 1386 1767 va-

256 1793 384 1822 nitatem
408 1795 601 1826 conferendi.
635 1797 737 1834 Quare
755 1795 846 1830 hujus
871 1805 940 1825 cum
957 1797 1028 1826 alias
1042 1796 1216 1833 *victorias‚
1238 1803 1302 1825 tum
1319 1804 1386 1825 eam

259 1851 436 1887 praesertim
443 1860 552 1888 ,quam
562 1861 896 1890 nuperreportaverat‚
908 1853 1031 1887 summis
1055 1853 1194 1882 laudibus
1213 1853 1245 1882 in
1262 1855 1385 1882 coelum

262 1906 373 1936 efferre
395 1908 534 1938 instituit.
558 1911 670 1938 verum
690 1910 820 1940 dicentis
836 1919 966 1947 vocem,
992 1917 1072 1940 tanta
1098 1910 1314 1946 vehementia,
1333 1918 1385 1939 ru-

262 1969 350 1997 rnore
370 1970 453 1993 tanto
480 1965 603 2001 excepit
633 1967 804 1996 auditorum
835 1968 949 2004 pedum
975 1968 1146 2004 supplosio,
1176 1975 1210 1996 ut
1237 1966 1389 2005 orationi,

261 2019 391 2050 vixdum
414 2020 540 2056 incepto
557 2021 648 2050 finem
671 2022 832 2059 imponere
861 2031 1034 2059 cogeretur.
1087 2024 1159 2053 Non
1183 2024 1209 2054 is
1237 2031 1295 2060 ego
1320 2023 1388 2057 sum

262 2075 317 2113 qui
332 2076 470 2112 strepitus
482 2095 495 2115 ,
509 2078 716 2113 praesentibus
740 2081 990 2117 praeceptoribus
1002 2102 1011 2118 ,
1035 2081 1067 2110 in
1086 2082 1198 2112 scholis
1223 2084 1323 2114 editos
1340 2085 1387 2114 fa-

264 2132 327 2161 cile
343 2134 475 2164 laudem.
516 2135 585 2164 Hoc
608 2143 707 2166 autem
726 2137 799 2166 mihi
823 2139 996 2174 persuasum
1022 2140 1143 2176 habeo,
1163 2139 1294 2174 iuvenes
1321 2142 1386 2172 Lo-

265 2188 424 2218 vanienses
449 2191 504 2219 hac
520 2190 551 2219 in
574 2200 608 2221 re
625 2193 760 2222 omnium
785 2195 1006 2231 approbatione
1026 2203 1058 2226 et
1083 2198 1226 2233 applausu
1252 2198 1388 2235 dignisfi-

269 2250 336 2273 mos
356 2245 468 2282 fuisse,
486 2247 601 2283 quippe
622 2249 695 2286 qui,
715 2251 767 2279 nisi
789 2252 1009 2288 discipulorum
1030 2253 1143 2283 civium
1165 2255 1268 2284 saltem
1290 2256 1391 2287 officio

270 2301 390 2338 egregie
413 2303 566 2344 perfuncti
581 2296 643 2334 finr.
672 2307 746 2340 Vid.
775 2308 1005 2348 Diuothus‚
1028 2312 1089 2348 op.
1109 2314 1131 2341 1.
1153 2320 1222 2349 pag.
1244 2321 1294 2351 99.
