1560 2860
98 552 491 605 ANNOTATA
550 553 637 599 AD
687 550 1148 605 ORATIONEM,

290 723 430 771 scripta
457 731 573 758 mense
597 718 735 769 Juh'o,
765 731 804 757 a.
838 720 880 756 18
888 731 950 768 32.

115 828 204 892 Per
226 853 393 902 publicas
420 853 557 891 Patriae
582 860 618 890 et
641 852 802 900 privatas
826 863 923 889 meas
947 861 1004 890 res
1032 847 1170 890 factum

55 931 133 970 est,
163 932 204 961 ut
227 923 343 961 serius
359 951 373 971 ,
403 934 511 970 quam
537 933 761 970 speraveram
778 948 790 967 ‚
819 923 919 970 typis
949 922 1172 960 describere-

62 1001 124 1031 tur
151 994 235 1030 haee
265 994 397 1031 oratio.
451 993 563 1042 Quod
589 993 625 1030 in
651 992 783 1030 bonam
820 1000 958 1039 partem
989 991 1171 1039 accipiant

61 1063 167 1111 aequi
198 1062 400 1109 Lectores,
433 1074 539 1111 rogo.
593 1061 706 1099 Nunc
731 1061 876 1099 brevem
912 1060 1093 1110 subjicere
1112 1071 1176 1098 an-

61 1132 289 1170 notationem
324 1133 454 1181 juvat3
497 1142 588 1178 quae
620 1140 739 1168 tamen
774 1141 853 1169 non
884 1131 929 1168 ad
962 1131 1085 1169 omnia
1115 1130 1175 1168 ilia

57 1201 140 1240 loca
164 1200 364 1247 referetur,
382 1202 425 1239 ad
448 1212 541 1249 quae
564 1201 660 1238 haud
678 1200 909 1238 incommode
937 1198 1060 1237 referri
1084 1211 1176 1247 pos-

63 1280 136 1310 set.
200 1271 319 1320 Quam
358 1272 533 1309 rationem
565 1270 595 1308 si
625 1280 787 1317 sequar,
828 1269 893 1307 ubi
924 1269 1099 1316 tandem,
1138 1269 1176 1307 in

59 1341 129 1379 late
155 1349 300 1389 patente
320 1341 497 1379 orationis
517 1347 731 1389 argumento
758 1339 965 1386 historico,
992 1347 1173 1377 annotan-

62 1411 100 1450 di
135 1410 242 1449 finem
268 1411 451 1448 inveniam
469 1410 489 1449 ‘3
528 1411 578 1448 Et
602 1420 689 1448 vero
717 1410 889 1457 pleraque
918 1409 1014 1446 dicta
1045 1408 1172 1446 harum

61 1491 181 1519 rerum
208 1480 307 1518 haud
327 1492 479 1528 prorsus
508 1464 756 1529 ignaris'satis
775 1490 839 1527 per
869 1489 909 1517 se
935 1479 1028 1517 clara
1047 1488 1170 1518 erunt.

38 1587 43 1593 ,
64 1549 193 1597 Itaque
212 1551 256 1587 ad
284 1561 323 1588 ea
346 1560 486 1589 tantum
517 1552 599 1589 loca
624 1550 816 1588 verbulum
839 1549 954 1588 dicam
970 1578 983 1596 ,
1010 1550 1073 1587 ubi
1102 1561 1177 1587 ma·

66 1620 126 1669 ior
147 1618 267 1666 aliqua
288 1621 366 1660 sive
400 1621 625 1669 necessitas,
664 1631 729 1659 seu
757 1621 895 1659 utilitas
922 1621 959 1658 id
992 1620 1175 1669 requirere

66 1689 263 1729 videbitur.

274 1826 363 1877 (Ad
382 1829 544 1878 prlorem
567 1828 746 1867 orationis
763 1829 952 1880 partem.)

115 1963 211 2015 Pag.
243 1974 278 2014 5,
307 1965 375 2014 (ι)
403 1966 440 2004 Si
462 1965 523 2004 cui
549 1964 646 2005 forte
668 1966 728 2005 hic
751 1967 942 2015 displiceat
970 1968 1081 2018 huJ'us
1108 1978 1174 2007 vo-

41 2046 47 2055 ·
67 2032 121 2072 cis
135 2062 148 2081 ‚
177 2038 261 2073 item
291 2036 463 2074 vocabuli
479 2065 492 2084 ‚
509 2039 609 2085 quod
625 2049 709 2076 mox
726 2047 906 2086 sequetur
922 2066 935 2085 ‚
948 2038 1157 2077 liberalitas
1170 2065 1184 2087 ,

64 2113 184 2152 usus,
211 2105 312 2145 conf.
337 2118 430 2154 quae
450 2109 493 2145 ad
519 2118 603 2145 eum
629 2109 885 2146 vindicandum
917 2110 1059 2147 erudite
1094 2121 1173 2148 mo·

65 2173 147 2211 nuit
182 2176 251 2213 cel.
292 2175 329 2225 J,
360 2176 624 2224 ciuisse,
676 2178 714 2216 in
745 2187 874 2217 annot.
914 2179 958 2216 ad
991 2180 1174 2217 orationes

62 2241 183 2289 duas,
209 2245 369 2283 alteram
404 2246 448 2284 de
476 2247 510 2285 T
506 2247 648 2298 heologo
671 2260 757 2286 vere
794 2247 970 2295 liberali,
1011 2248 1174 2287 alteram

61 2311 107 2350 de
144 2312 279 2361 injusto
314 2316 422 2354 theol.
461 2316 578 2356 studii
611 2325 818 2366 contemtu,
858 2318 932 2368 (L.
970 2318 1014 2358 B.
1056 2318 1175 2366 1815)

62 2392 104 2430 1>-
131 2392 195 2430 57·

598 2455 627 2494 F
1017 2456 1116 2505 Pag.
1136 2466 1172 2504 5.
