<?xml version="1.0" encoding="UTF-8"?>
<!DOCTYPE html PUBLIC "-//W3C//DTD XHTML 1.0 Transitional//EN"
    "http://www.w3.org/TR/xhtml1/DTD/xhtml1-transitional.dtd">
<html xmlns="http://www.w3.org/1999/xhtml" xml:lang="en" lang="en">
 <head>
  <title>
</title>
<meta http-equiv="Content-Type" content="text/html;charset=utf-8" />
  <meta name='ocr-system' content='tesseract 3.04.00' />
  <meta name='ocr-capabilities' content='ocr_page ocr_carea ocr_par ocr_line ocrx_word'/>
</head>
<body>
  <div class='ocr_page' id='page_1' title='image "annalesacademiae29acad_0167.png"; bbox 0 0 1524 2850; ppageno 0'>
   <div class='ocr_carea' id='block_1_1' title="bbox 411 271 1242 323">
    <p class='ocr_par' dir='ltr' id='par_1_1' title="bbox 411 271 1242 323">
     <span class='ocr_line' id='line_1_1' title="bbox 411 271 1242 323; baseline 0.004 -3"><span class='ocrx_word' id='word_1_1' title='bbox 411 272 947 322; x_wconf 71' lang='lat' dir='ltr'><strong>ORATIO.</strong></span> <span class='ocrx_word' id='word_1_2' title='bbox 1183 271 1242 323; x_wconf 67' lang='lat'>13</span> 
     </span>
    </p>
   </div>
   <div class='ocr_carea' id='block_1_2' title="bbox 108 407 1247 2253">
    <p class='ocr_par' dir='ltr' id='par_1_2' title="bbox 108 407 1247 2253">
     <span class='ocr_line' id='line_1_2' title="bbox 119 407 1247 471; baseline 0.002 -18"><span class='ocrx_word' id='word_1_3' title='bbox 119 421 218 461; x_wconf 79' lang='lat' dir='ltr'>neS‚</span> <span class='ocrx_word' id='word_1_4' title='bbox 250 407 596 468; x_wconf 80' lang='lat' dir='ltr'>perfectissimam</span> <span class='ocrx_word' id='word_1_5' title='bbox 612 443 625 465; x_wconf 90' lang='lat'><strong>,</strong></span> <span class='ocrx_word' id='word_1_6' title='bbox 649 417 689 455; x_wconf 92' lang='lat' dir='ltr'>et</span> <span class='ocrx_word' id='word_1_7' title='bbox 710 410 988 456; x_wconf 83' lang='lat' dir='ltr'>theoreticam</span> <span class='ocrx_word' id='word_1_8' title='bbox 1016 417 1060 468; x_wconf 28' lang='lat' dir='ltr'>et·</span> <span class='ocrx_word' id='word_1_9' title='bbox 1077 411 1247 471; x_wconf 74' lang='lat' dir='ltr'>practi-</span> 
     </span>
     <span class='ocr_line' id='line_1_3' title="bbox 121 485 1246 549; baseline 0.004 -21"><span class='ocrx_word' id='word_1_10' title='bbox 121 499 216 529; x_wconf 87' lang='lat' dir='ltr'>cam</span> <span class='ocrx_word' id='word_1_11' title='bbox 230 518 242 539; x_wconf 92' lang='lat'>,</span> <span class='ocrx_word' id='word_1_12' title='bbox 300 485 449 530; x_wconf 87' lang='lat' dir='ltr'>harum</span> <span class='ocrx_word' id='word_1_13' title='bbox 495 502 637 532; x_wconf 86' lang='lat' dir='ltr'>rerum</span> <span class='ocrx_word' id='word_1_14' title='bbox 675 488 758 533; x_wconf 84' lang='lat' dir='ltr'>sibi</span> <span class='ocrx_word' id='word_1_15' title='bbox 802 503 1073 549; x_wconf 83' lang='lat' dir='ltr'>comparasse</span> <span class='ocrx_word' id='word_1_16' title='bbox 1126 489 1246 534; x_wconf 84' lang='lat' dir='ltr'>noti-</span> 
     </span>
     <span class='ocr_line' id='line_1_4' title="bbox 120 563 1244 625; baseline 0.003 -18"><span class='ocrx_word' id='word_1_17' title='bbox 120 563 237 608; x_wconf 83' lang='lat' dir='ltr'>tiam.</span> <span class='ocrx_word' id='word_1_18' title='bbox 299 564 420 622; x_wconf 86' lang='lat' dir='ltr'><strong>Quae</strong></span> <span class='ocrx_word' id='word_1_19' title='bbox 447 563 484 610; x_wconf 90' lang='lat' dir='ltr'>si</span> <span class='ocrx_word' id='word_1_20' title='bbox 511 565 654 610; x_wconf 86' lang='lat' dir='ltr'>animo</span> <span class='ocrx_word' id='word_1_21' title='bbox 693 565 855 611; x_wconf 89' lang='lat' dir='ltr'>volvitis</span> <span class='ocrx_word' id='word_1_22' title='bbox 882 574 922 611; x_wconf 91' lang='lat' dir='ltr'>et</span> <span class='ocrx_word' id='word_1_23' title='bbox 947 566 1140 625; x_wconf 83' lang='lat' dir='ltr'>cogitatis</span> <span class='ocrx_word' id='word_1_24' title='bbox 1167 581 1244 611; x_wconf 87' lang='lat' dir='ltr'>ar·-</span> 
     </span>
     <span class='ocr_line' id='line_1_5' title="bbox 118 641 1246 704; baseline 0.003 -19"><span class='ocrx_word' id='word_1_25' title='bbox 118 648 184 686; x_wconf 82' lang='lat' dir='ltr'>tes</span> <span class='ocrx_word' id='word_1_26' title='bbox 208 641 253 686; x_wconf 90' lang='lat' dir='ltr'>in</span> <span class='ocrx_word' id='word_1_27' title='bbox 279 642 432 701; x_wconf 83' lang='lat' dir='ltr'>Anglia</span> <span class='ocrx_word' id='word_1_28' title='bbox 465 643 696 702; x_wconf 87' lang='lat' dir='ltr'>plurimas,</span> <span class='ocrx_word' id='word_1_29' title='bbox 728 644 784 688; x_wconf 90' lang='lat' dir='ltr'>ad</span> <span class='ocrx_word' id='word_1_30' title='bbox 821 651 984 688; x_wconf 85' lang='lat' dir='ltr'>tantum</span> <span class='ocrx_word' id='word_1_31' title='bbox 1022 643 1246 704; x_wconf 84' lang='lat' dir='ltr'>pervenis-</span> 
     </span>
     <span class='ocr_line' id='line_1_6' title="bbox 117 720 1242 781; baseline 0.003 -18"><span class='ocrx_word' id='word_1_32' title='bbox 117 733 164 764; x_wconf 87' lang='lat' dir='ltr'>se</span> <span class='ocrx_word' id='word_1_33' title='bbox 192 720 463 779; x_wconf 83' lang='lat' dir='ltr'>perfectionis</span> <span class='ocrx_word' id='word_1_34' title='bbox 501 720 679 779; x_wconf 85' lang='lat' dir='ltr'>gradum</span> <span class='ocrx_word' id='word_1_35' title='bbox 695 753 707 775; x_wconf 89' lang='lat'>‚</span> <span class='ocrx_word' id='word_1_36' title='bbox 751 728 799 766; x_wconf 91' lang='lat' dir='ltr'>ut</span> <span class='ocrx_word' id='word_1_37' title='bbox 837 736 982 766; x_wconf 86' lang='lat' dir='ltr'>earum</span> <span class='ocrx_word' id='word_1_38' title='bbox 1014 735 1147 781; x_wconf 87' lang='lat' dir='ltr'>opera</span> <span class='ocrx_word' id='word_1_39' title='bbox 1185 721 1242 766; x_wconf 89' lang='lat' dir='ltr'>ab</span> 
     </span>
     <span class='ocr_line' id='line_1_7' title="bbox 115 795 1246 857; baseline 0.002 -17"><span class='ocrx_word' id='word_1_40' title='bbox 115 795 208 841; x_wconf 84' lang='lat' dir='ltr'>aliis</span> <span class='ocrx_word' id='word_1_41' title='bbox 262 796 377 840; x_wconf 88' lang='lat' dir='ltr'>haud</span> <span class='ocrx_word' id='word_1_42' title='bbox 416 796 538 841; x_wconf 85' lang='lat' dir='ltr'>facile</span> <span class='ocrx_word' id='word_1_43' title='bbox 589 797 782 857; x_wconf 86' lang='lat' dir='ltr'>superari</span> <span class='ocrx_word' id='word_1_44' title='bbox 831 812 959 857; x_wconf 89' lang='lat' dir='ltr'>posse</span> <span class='ocrx_word' id='word_1_45' title='bbox 997 797 1246 852; x_wconf 84' lang='lat' dir='ltr'>videantur,</span> 
     </span>
     <span class='ocr_line' id='line_1_8' title="bbox 116 874 1247 935; baseline 0.003 -18"><span class='ocrx_word' id='word_1_46' title='bbox 116 880 207 917; x_wconf 85' lang='lat' dir='ltr'>tum</span> <span class='ocrx_word' id='word_1_47' title='bbox 244 889 321 920; x_wconf 87' lang='lat' dir='ltr'>vos</span> <span class='ocrx_word' id='word_1_48' title='bbox 359 883 399 920; x_wconf 89' lang='lat' dir='ltr'>et</span> <span class='ocrx_word' id='word_1_49' title='bbox 441 874 547 919; x_wconf 89' lang='lat' dir='ltr'>mihi</span> <span class='ocrx_word' id='word_1_50' title='bbox 586 875 708 920; x_wconf 88' lang='lat' dir='ltr'>facile</span> <span class='ocrx_word' id='word_1_51' title='bbox 751 890 1028 920; x_wconf 85' lang='lat' dir='ltr'>concessuros</span> <span class='ocrx_word' id='word_1_52' title='bbox 1063 891 1247 935; x_wconf 85' lang='lat' dir='ltr'>persua-</span> 
     </span>
     <span class='ocr_line' id='line_1_9' title="bbox 119 952 1247 1006; baseline 0.002 -10"><span class='ocrx_word' id='word_1_53' title='bbox 119 966 213 996; x_wconf 88' lang='lat' dir='ltr'>sum</span> <span class='ocrx_word' id='word_1_54' title='bbox 264 959 351 1006; x_wconf 90' lang='lat' dir='ltr'>est,</span> <span class='ocrx_word' id='word_1_55' title='bbox 411 952 649 997; x_wconf 82' lang='lat' dir='ltr'>istiusmodi</span> <span class='ocrx_word' id='word_1_56' title='bbox 703 953 1008 998; x_wconf 85' lang='lat' dir='ltr'>institutionem</span> <span class='ocrx_word' id='word_1_57' title='bbox 1045 969 1121 998; x_wconf 91' lang='lat' dir='ltr'>sua</span> <span class='ocrx_word' id='word_1_58' title='bbox 1157 967 1247 998; x_wconf 91' lang='lat' dir='ltr'>non</span> 
     </span>
     <span class='ocr_line' id='line_1_10' title="bbox 118 1028 1245 1087; baseline 0.003 -16"><span class='ocrx_word' id='word_1_59' title='bbox 118 1028 290 1073; x_wconf 85' lang='lat' dir='ltr'>destitui</span> <span class='ocrx_word' id='word_1_60' title='bbox 335 1029 474 1075; x_wconf 86' lang='lat' dir='ltr'>laude.</span> <span class='ocrx_word' id='word_1_61' title='bbox 569 1030 717 1087; x_wconf 84' lang='lat' dir='ltr'>Neque</span> <span class='ocrx_word' id='word_1_62' title='bbox 758 1037 900 1074; x_wconf 88' lang='lat' dir='ltr'>tamen</span> <span class='ocrx_word' id='word_1_63' title='bbox 938 1046 1007 1076; x_wconf 90' lang='lat' dir='ltr'>me</span> <span class='ocrx_word' id='word_1_64' title='bbox 1046 1029 1245 1074; x_wconf 84' lang='lat' dir='ltr'>arbitrari</span> 
     </span>
     <span class='ocr_line' id='line_1_11' title="bbox 118 1105 1247 1160; baseline 0.003 -11"><span class='ocrx_word' id='word_1_65' title='bbox 118 1106 301 1150; x_wconf 87' lang='lat' dir='ltr'>credatis</span> <span class='ocrx_word' id='word_1_66' title='bbox 343 1105 489 1160; x_wconf 85' lang='lat' dir='ltr'>velim,</span> <span class='ocrx_word' id='word_1_67' title='bbox 550 1107 732 1152; x_wconf 87' lang='lat' dir='ltr'>artifices</span> <span class='ocrx_word' id='word_1_68' title='bbox 769 1107 862 1152; x_wconf 90' lang='lat' dir='ltr'>illos</span> <span class='ocrx_word' id='word_1_69' title='bbox 897 1108 957 1152; x_wconf 86' lang='lat' dir='ltr'>ita</span> <span class='ocrx_word' id='word_1_70' title='bbox 992 1124 1083 1153; x_wconf 86' lang='lat' dir='ltr'>esse</span> <span class='ocrx_word' id='word_1_71' title='bbox 1120 1108 1247 1153; x_wconf 84' lang='lat' dir='ltr'>insti-</span> 
     </span>
     <span class='ocr_line' id='line_1_12' title="bbox 115 1183 1246 1244; baseline 0.004 -18"><span class='ocrx_word' id='word_1_72' title='bbox 115 1183 325 1237; x_wconf 87' lang='lat' dir='ltr'>tuendos,</span> <span class='ocrx_word' id='word_1_73' title='bbox 356 1190 403 1227; x_wconf 89' lang='lat' dir='ltr'>ut</span> <span class='ocrx_word' id='word_1_74' title='bbox 429 1183 481 1228; x_wconf 91' lang='lat' dir='ltr'>iis</span> <span class='ocrx_word' id='word_1_75' title='bbox 520 1184 711 1244; x_wconf 86' lang='lat' dir='ltr'>perfecta</span> <span class='ocrx_word' id='word_1_76' title='bbox 751 1191 792 1229; x_wconf 87' lang='lat' dir='ltr'>et</span> <span class='ocrx_word' id='word_1_77' title='bbox 824 1185 1018 1229; x_wconf 85' lang='lat' dir='ltr'>absoluta</span> <span class='ocrx_word' id='word_1_78' title='bbox 1047 1185 1102 1230; x_wconf 89' lang='lat' dir='ltr'>ab</span> <span class='ocrx_word' id='word_1_79' title='bbox 1129 1185 1246 1237; x_wconf 84' lang='lat' dir='ltr'>omni</span> 
     </span>
     <span class='ocr_line' id='line_1_13' title="bbox 115 1261 1244 1321; baseline 0 -15"><span class='ocrx_word' id='word_1_80' title='bbox 115 1269 238 1321; x_wconf 81' lang='lat' dir='ltr'>parte</span> <span class='ocrx_word' id='word_1_81' title='bbox 289 1261 483 1306; x_wconf 77' lang='lat' dir='ltr'>tradatur</span> <span class='ocrx_word' id='word_1_82' title='bbox 534 1261 756 1321; x_wconf 85' lang='lat' dir='ltr'>disciplina</span> <span class='ocrx_word' id='word_1_83' title='bbox 772 1294 784 1315; x_wconf 87' lang='lat'>‚</span> <span class='ocrx_word' id='word_1_84' title='bbox 844 1268 934 1305; x_wconf 86' lang='lat' dir='ltr'>tum</span> <span class='ocrx_word' id='word_1_85' title='bbox 982 1261 1244 1318; x_wconf 86' lang='lat' dir='ltr'>theoretica,</span> 
     </span>
     <span class='ocr_line' id='line_1_14' title="bbox 115 1339 1247 1400; baseline 0 -16"><span class='ocrx_word' id='word_1_86' title='bbox 115 1347 204 1384; x_wconf 87' lang='lat' dir='ltr'>tum</span> <span class='ocrx_word' id='word_1_87' title='bbox 243 1340 448 1400; x_wconf 78' lang='lat' dir='ltr'>practica.</span> <span class='ocrx_word' id='word_1_88' title='bbox 547 1339 598 1383; x_wconf 92' lang='lat' dir='ltr'>Id</span> <span class='ocrx_word' id='word_1_89' title='bbox 631 1347 672 1384; x_wconf 88' lang='lat' dir='ltr'>et</span> <span class='ocrx_word' id='word_1_90' title='bbox 705 1339 885 1383; x_wconf 89' lang='lat' dir='ltr'>arduum</span> <span class='ocrx_word' id='word_1_91' title='bbox 926 1339 1094 1399; x_wconf 87' lang='lat' dir='ltr'>saepius</span> <span class='ocrx_word' id='word_1_92' title='bbox 1135 1340 1247 1384; x_wconf 85' lang='lat' dir='ltr'>foret</span> 
     </span>
     <span class='ocr_line' id='line_1_15' title="bbox 115 1416 1246 1476; baseline -0.001 -14"><span class='ocrx_word' id='word_1_93' title='bbox 115 1424 157 1462; x_wconf 87' lang='lat' dir='ltr'>et</span> <span class='ocrx_word' id='word_1_94' title='bbox 196 1431 348 1476; x_wconf 82' lang='lat' dir='ltr'>parum</span> <span class='ocrx_word' id='word_1_95' title='bbox 383 1417 574 1462; x_wconf 79' lang='lat' dir='ltr'>utilitatis</span> <span class='ocrx_word' id='word_1_96' title='bbox 609 1418 831 1462; x_wconf 82' lang='lat' dir='ltr'>allaturum</span> <span class='ocrx_word' id='word_1_97' title='bbox 859 1417 1035 1462; x_wconf 85' lang='lat' dir='ltr'>videtur.</span> <span class='ocrx_word' id='word_1_98' title='bbox 1097 1416 1149 1461; x_wconf 91' lang='lat' dir='ltr'>Id</span> <span class='ocrx_word' id='word_1_99' title='bbox 1172 1417 1246 1462; x_wconf 81' lang='lat' dir='ltr'>in-</span> 
     </span>
     <span class='ocr_line' id='line_1_16' title="bbox 115 1495 1246 1557; baseline 0.001 -19"><span class='ocrx_word' id='word_1_100' title='bbox 115 1495 264 1554; x_wconf 87' lang='lat' dir='ltr'>primis</span> <span class='ocrx_word' id='word_1_101' title='bbox 305 1496 349 1538; x_wconf 88' lang='lat' dir='ltr'>in</span> <span class='ocrx_word' id='word_1_102' title='bbox 389 1495 460 1539; x_wconf 85' lang='lat' dir='ltr'>illa</span> <span class='ocrx_word' id='word_1_103' title='bbox 499 1495 757 1557; x_wconf 85' lang='lat' dir='ltr'>institutione</span> <span class='ocrx_word' id='word_1_104' title='bbox 805 1495 1083 1555; x_wconf 87' lang='lat' dir='ltr'>spectandum</span> <span class='ocrx_word' id='word_1_105' title='bbox 1139 1509 1246 1540; x_wconf 90' lang='lat' dir='ltr'>cen-</span> 
     </span>
     <span class='ocr_line' id='line_1_17' title="bbox 117 1571 1245 1632; baseline 0.002 -17"><span class='ocrx_word' id='word_1_106' title='bbox 117 1585 222 1624; x_wconf 90' lang='lat' dir='ltr'>se0‚</span> <span class='ocrx_word' id='word_1_107' title='bbox 275 1579 320 1615; x_wconf 84' lang='lat' dir='ltr'>ut</span> <span class='ocrx_word' id='word_1_108' title='bbox 362 1571 513 1629; x_wconf 87' lang='lat' dir='ltr'>cuique</span> <span class='ocrx_word' id='word_1_109' title='bbox 561 1571 653 1615; x_wconf 85' lang='lat' dir='ltr'>illas</span> <span class='ocrx_word' id='word_1_110' title='bbox 693 1571 940 1632; x_wconf 84' lang='lat' dir='ltr'>disciplinae</span> <span class='ocrx_word' id='word_1_111' title='bbox 978 1580 1123 1632; x_wconf 85' lang='lat' dir='ltr'>partes</span> <span class='ocrx_word' id='word_1_112' title='bbox 1165 1587 1245 1617; x_wconf 79' lang='lat' dir='ltr'>ex-</span> 
     </span>
     <span class='ocr_line' id='line_1_18' title="bbox 115 1647 1243 1709; baseline 0.002 -17"><span class='ocrx_word' id='word_1_113' title='bbox 115 1647 273 1709; x_wconf 88' lang='lat' dir='ltr'>plices,</span> <span class='ocrx_word' id='word_1_114' title='bbox 314 1664 491 1705; x_wconf 84' lang='lat' dir='ltr'>quarum</span> <span class='ocrx_word' id='word_1_115' title='bbox 528 1648 764 1694; x_wconf 85' lang='lat' dir='ltr'>necessaria</span> <span class='ocrx_word' id='word_1_116' title='bbox 803 1647 840 1692; x_wconf 93' lang='lat' dir='ltr'>ei</span> <span class='ocrx_word' id='word_1_117' title='bbox 875 1655 938 1693; x_wconf 85' lang='lat' dir='ltr'>est</span> <span class='ocrx_word' id='word_1_118' title='bbox 976 1649 1031 1692; x_wconf 87' lang='lat' dir='ltr'>ad</span> <span class='ocrx_word' id='word_1_119' title='bbox 1071 1649 1243 1694; x_wconf 86' lang='lat' dir='ltr'>labores</span> 
     </span>
     <span class='ocr_line' id='line_1_19' title="bbox 114 1725 1243 1781; baseline -0.001 -9"><span class='ocrx_word' id='word_1_120' title='bbox 114 1727 193 1772; x_wconf 82' lang='lat' dir='ltr'>rite</span> <span class='ocrx_word' id='word_1_121' title='bbox 217 1727 484 1772; x_wconf 84' lang='lat' dir='ltr'>sustinendos</span> <span class='ocrx_word' id='word_1_122' title='bbox 509 1726 674 1771; x_wconf 87' lang='lat' dir='ltr'>notitia.</span> <span class='ocrx_word' id='word_1_123' title='bbox 734 1725 881 1770; x_wconf 82' lang='lat' dir='ltr'>Fabro</span> <span class='ocrx_word' id='word_1_124' title='bbox 895 1759 908 1780; x_wconf 90' lang='lat'>,</span> <span class='ocrx_word' id='word_1_125' title='bbox 938 1733 986 1770; x_wconf 91' lang='lat' dir='ltr'>ut</span> <span class='ocrx_word' id='word_1_126' title='bbox 1011 1725 1096 1771; x_wconf 92' lang='lat' dir='ltr'>hoc</span> <span class='ocrx_word' id='word_1_127' title='bbox 1116 1734 1243 1781; x_wconf 86' lang='lat' dir='ltr'>utar,</span> 
     </span>
     <span class='ocr_line' id='line_1_20' title="bbox 115 1803 1244 1862; baseline -0.001 -12"><span class='ocrx_word' id='word_1_128' title='bbox 115 1804 294 1850; x_wconf 76' lang='lat' dir='ltr'>fenario</span> <span class='ocrx_word' id='word_1_129' title='bbox 323 1804 505 1858; x_wconf 85' lang='lat' dir='ltr'>metalli,</span> <span class='ocrx_word' id='word_1_130' title='bbox 537 1803 852 1862; x_wconf 48' lang='lat' dir='ltr'>quo3quotidie</span> <span class='ocrx_word' id='word_1_131' title='bbox 893 1804 1052 1858; x_wconf 87' lang='lat' dir='ltr'>utitur,</span> <span class='ocrx_word' id='word_1_132' title='bbox 1095 1819 1244 1850; x_wconf 87' lang='lat' dir='ltr'>omnes</span> 
     </span>
     <span class='ocr_line' id='line_1_21' title="bbox 111 1881 1243 1943; baseline -0.002 -15"><span class='ocrx_word' id='word_1_133' title='bbox 111 1883 344 1943; x_wconf 21' lang='lat' dir='ltr'>*monstrari</span> <span class='ocrx_word' id='word_1_134' title='bbox 381 1882 502 1927; x_wconf 89' lang='lat' dir='ltr'>dotes</span> <span class='ocrx_word' id='word_1_135' title='bbox 544 1882 725 1925; x_wconf 85' lang='lat' dir='ltr'>debent:</span> <span class='ocrx_word' id='word_1_136' title='bbox 757 1881 871 1925; x_wconf 87' lang='lat' dir='ltr'>hunc</span> <span class='ocrx_word' id='word_1_137' title='bbox 897 1881 999 1925; x_wconf 87' lang='lat' dir='ltr'>ferri</span> <span class='ocrx_word' id='word_1_138' title='bbox 1019 1881 1243 1926; x_wconf 86' lang='lat' dir='ltr'>varietates</span> 
     </span>
     <span class='ocr_line' id='line_1_22' title="bbox 108 1958 1242 2023; baseline -0.004 -16"><span class='ocrx_word' id='word_1_139' title='bbox 108 1978 141 2023; x_wconf 69' lang='lat' dir='ltr'>⁷a</span> <span class='ocrx_word' id='word_1_140' title='bbox 169 1977 214 2007; x_wconf 90' lang='lat' dir='ltr'>se</span> <span class='ocrx_word' id='word_1_141' title='bbox 254 1961 433 2006; x_wconf 89' lang='lat' dir='ltr'>invicem</span> <span class='ocrx_word' id='word_1_142' title='bbox 474 1960 723 2019; x_wconf 84' lang='lat' dir='ltr'>dignoscere</span> <span class='ocrx_word' id='word_1_143' title='bbox 762 1959 946 2003; x_wconf 89' lang='lat' dir='ltr'>doceas:</span> <span class='ocrx_word' id='word_1_144' title='bbox 989 1958 1049 2003; x_wconf 86' lang='lat' dir='ltr'>ita</span> <span class='ocrx_word' id='word_1_145' title='bbox 1089 1958 1242 2003; x_wconf 89' lang='lat' dir='ltr'>harum</span> 
     </span>
     <span class='ocr_line' id='line_1_23' title="bbox 114 2036 1241 2094; baseline -0.004 -10"><span class='ocrx_word' id='word_1_146' title='bbox 114 2039 361 2084; x_wconf 75' lang='lat' dir='ltr'>varietatum</span> <span class='ocrx_word' id='word_1_147' title='bbox 402 2038 687 2082; x_wconf 85' lang='lat' dir='ltr'>diversitatem</span> <span class='ocrx_word' id='word_1_148' title='bbox 724 2052 775 2080; x_wconf 81' lang='lat' dir='ltr'>ex</span> <span class='ocrx_word' id='word_1_149' title='bbox 805 2036 932 2081; x_wconf 84' lang='lat' dir='ltr'>variis</span> <span class='ocrx_word' id='word_1_150' title='bbox 950 2068 962 2090; x_wconf 90' lang='lat'>‚</span> <span class='ocrx_word' id='word_1_151' title='bbox 1010 2051 1119 2094; x_wconf 88' lang='lat' dir='ltr'>quae</span> <span class='ocrx_word' id='word_1_152' title='bbox 1149 2037 1241 2081; x_wconf 83' lang='lat' dir='ltr'>ser-</span> 
     </span>
     <span class='ocr_line' id='line_1_24' title="bbox 113 2113 1240 2174; baseline -0.002 -13"><span class='ocrx_word' id='word_1_153' title='bbox 113 2131 165 2161; x_wconf 88' lang='lat' dir='ltr'>ro</span> <span class='ocrx_word' id='word_1_154' title='bbox 206 2117 374 2170; x_wconf 87' lang='lat' dir='ltr'>insunt,</span> <span class='ocrx_word' id='word_1_155' title='bbox 411 2115 666 2160; x_wconf 86' lang='lat' dir='ltr'>materiebus</span> <span class='ocrx_word' id='word_1_156' title='bbox 693 2114 905 2174; x_wconf 85' lang='lat' dir='ltr'>pendere,</span> <span class='ocrx_word' id='word_1_157' title='bbox 936 2113 1089 2158; x_wconf 89' lang='lat' dir='ltr'>videat.</span> <span class='ocrx_word' id='word_1_158' title='bbox 1174 2113 1240 2159; x_wconf 86' lang='lat' dir='ltr'>Illi</span> 
     </span>
     <span class='ocr_line' id='line_1_25' title="bbox 117 2189 1241 2253; baseline -0.004 -14"><span class='ocrx_word' id='word_1_159' title='bbox 117 2196 345 2253; x_wconf 84' lang='lat' dir='ltr'>explicetur</span> <span class='ocrx_word' id='word_1_160' title='bbox 396 2194 551 2253; x_wconf 88' lang='lat' dir='ltr'>quibus</span> <span class='ocrx_word' id='word_1_161' title='bbox 586 2192 735 2238; x_wconf 88' lang='lat' dir='ltr'>usibus</span> <span class='ocrx_word' id='word_1_162' title='bbox 774 2192 891 2237; x_wconf 81' lang='lat' dir='ltr'>varia</span> <span class='ocrx_word' id='word_1_163' title='bbox 926 2191 998 2234; x_wconf 87' lang='lat' dir='ltr'>illa</span> <span class='ocrx_word' id='word_1_164' title='bbox 1036 2189 1241 2235; x_wconf 85' lang='lat' dir='ltr'>inservire</span> 
     </span>
    </p>
   </div>
   <div class='ocr_carea' id='block_1_3' title="bbox 116 2270 1263 2401">
    <p class='ocr_par' dir='ltr' id='par_1_3' title="bbox 116 2270 1263 2401">
     <span class='ocr_line' id='line_1_26' title="bbox 116 2270 1237 2332; baseline -0.004 -15"><span class='ocrx_word' id='word_1_165' title='bbox 116 2273 304 2331; x_wconf 81' lang='lat' dir='ltr'>possint,</span> <span class='ocrx_word' id='word_1_166' title='bbox 337 2286 528 2332; x_wconf 86' lang='lat' dir='ltr'>quaeque</span> <span class='ocrx_word' id='word_1_167' title='bbox 550 2271 604 2318; x_wconf 87' lang='lat' dir='ltr'>sit</span> <span class='ocrx_word' id='word_1_168' title='bbox 630 2270 843 2318; x_wconf 86' lang='lat' dir='ltr'>variorum</span> <span class='ocrx_word' id='word_1_169' title='bbox 879 2283 1109 2329; x_wconf 82' lang='lat' dir='ltr'>corporum</span> <span class='ocrx_word' id='word_1_170' title='bbox 1140 2282 1237 2313; x_wconf 91' lang='lat' dir='ltr'>cum</span> 
     </span>
     <span class='ocr_line' id='line_1_27' title="bbox 1146 2344 1263 2401; baseline -0.017 -3"><span class='ocrx_word' id='word_1_171' title='bbox 1146 2344 1237 2401; x_wconf 51' lang='lat' dir='ltr'>few</span> <span class='ocrx_word' id='word_1_172' title='bbox 1260 2346 1263 2349; x_wconf 86' lang='grc'>’</span> 
     </span>
    </p>
   </div>
  </div>
 </body>
</html>
