1483 2860
185 176 237 213 44
412 159 1076 203 COMMENTA'rto

186 282 266 323 quo
287 271 388 310 facto
403 298 418 320 ‚
441 279 541 310 certe
564 271 684 310 oritur
705 270 986 321 praecipitatum
1010 271 1136 311 album
1150 300 1166 322 ‚
1190 273 1297 314 chlo-

185 341 302 381 rureti
324 341 466 391 argenti
489 341 528 380 in
552 352 648 389 aqua
680 348 717 378 et
747 340 853 380 acido
891 341 1028 381 nitrico
1065 341 1262 385 insolubile
1277 372 1293 393 ‚

184 413 343 455 solubile
373 425 463 453 vero
489 414 528 451 in
553 411 735 450 ammonia
763 413 823 460 ι).

237 479 297 524 2⁹.
330 481 531 522 Acerrimis
559 479 791 529 quibusdam
834 481 1044 522 substantus
1087 484 1302 534 vegetabili-

185 554 281 601 bus,
307 552 364 591 uti
387 550 533 602 daphne
555 548 708 597 mefhreo
723 577 738 599 ‚
763 551 900 604 capstco
924 565 1075 602 annuo,
1090 555 1300 595 anthemide

179 631 335 677 pyretro
367 620 540 668 aliisque.

238 691 342 731 Haec
370 689 472 729 fraus
507 687 681 729 facillime
711 689 918 738 detegitur,
950 691 1023 730 tale
1046 700 1190 730 acetum
1216 704 1304 734 eva·

184 761 354 813 potando
386 760 462 799 leni
496 761 619 799 calore
643 759 683 798 in
715 759 861 809 capsula
889 762 1107 810 porcelanea
1129 762 1177 801 ad
1205 764 1228 811 {-
1245 761 1302 802 sui

187 831 392 872 voluminis
421 839 588 880 partem3
618 828 808 869 residuum
830 831 905 879 jam
931 842 1045 879 porro
1070 842 1136 879 per
1159 842 1209 880 24
1233 831 1304 870 lio-

187 914 248 942 ras
275 901 342 941 fibi
375 900 607 949 relinquatur
635 909 671 938 et
701 900 787 938 dein
811 898 998 949 separetur
1020 900 1148 950 liquor
1177 901 1305 951 super·

188 981 318 1012 natans
342 983 363 1010 a
389 970 525 1010 salibus
558 969 751 1020 depofitis.
797 968 880 1020 Jam
922 970 1045 1008 denuo
1080 980 1305 1020 evaporetur

190 1042 319 1091 liquor
354 1041 401 1080 acl
429 1039 583 1079 extracti
615 1039 740 1077 mollis
771 1037 1075 1089 consistentiam,
1101 1041 1207 1090 atqui
1233 1041 1306 1081 hoc

193 1120 398 1152 extractum
451 1110 618 1159 saporem
662 1121 781 1148 acrem
827 1118 864 1148 et
905 1121 1066 1149 amarum
1113 1111 1267 1150 habebit
1293 1137 1310 1159 ‚

193 1181 343 1231 quando
366 1189 508 1219 acetum
534 1179 721 1218 acerrimis
746 1178 805 1218 his
837 1178 1047 1218 substantiis
1073 1180 1187 1220 fuerit
1204 1183 1311 1222 adul-

193 1260 377 1299 teratum,
403 1250 660 1289 tantummodo
687 1248 831 1287 acidum
867 1247 1032 1299 saporem
1063 1248 1185 1289 secum
1213 1251 1309 1290 feret

193 1323 223 1363 fi
259 1322 440 1361 admixtae
482 1331 560 1359 non
597 1318 753 1358 fuissent
792 1319 853 1368 ε).
935 1320 1073 1358 Suadet
1111 1332 1203 1359 vero
1243 1322 1312 1368 Cl,

193 1391 433 1435 Dorfiirt
463 1391 527 1429 tali
560 1390 599 1428 in
628 1389 714 1429 casu
743 1399 886 1428 acetum
921 1401 1007 1428 cum
1043 1389 1189 1438 potassa
1213 1389 1312 1429 satu-

195 1475 275 1503 rare
311 1471 349 1501 et
382 1461 466 1501 dein
490 1459 712 1500 solutionem
744 1468 918 1508 gustare,
944 1468 1033 1497 tunc
1068 1458 1170 1498 enim·
1203 1457 1312 1510 sapor

197 1532 502 1573 adulterationem
536 1538 662 1579 aperte
697 1527 916 1566 monstrabit
945 1528 1006 1577 3).

251 1608 308 1654 3⁰.
336 1601 552 1650 Aliquando
583 1598 802 1638 adulteratio
827 1596 926 1636 casui
951 1596 1112 1636 fortuito
1136 1597 1312 1647 debetur,

199 1676 227 1716 fi
253 1685 385 1723 nempe
411 1683 497 1722 pars
529 1671 666 1720 cupri,
702 1668 847 1719 plumbi
880 1669 939 1707 vel
964 1665 1089 1715 zinci,
1117 1680 1137 1707 e
1174 1668 1314 1716 quibus

201 1746 359 1787 metallis
392 1743 652 1789 instrumenta,
683 1751 777 1788 quae
806 1740 851 1778 ad
887 1737 1201 1787 praeparationem
1233 1749 1315 1776 ace-

202 1815 430 1857 ti‘adhibita
460 1813 634 1858 fuerant,
656 1809 897 1856 constabant,
922 1808 1041 1846 soluta
1074 1806 1214 1856 fuerit3
1239 1807 1314 1846 hoc

201 1896 324 1926 autem
358 1883 532 1925 facillime
567 1880 774 1931 detegitur:
803 1877 987 1917 ammonia
1011 1876 1108 1915 enim
1133 1887 1315 1927 cuprum;

205 1958 350 1998 acidum
401 1951 778 2005 hydrosulphuricum
824 1947 1020 1999 plumbum
1063 1946 1125 1986 vel
1165 1945 1318 1987 zincum

208 2027 377 2082 praesens
409 2024 641 2066 indicabunt.

253 2123 286 2160 ι)
304 2122 351 2150 Μ.
375 2118 526 2149 orfila.
548 2119 670 2154 Lecons
691 2116 728 2144 de
749 2114 828 2144 mexi-
851 2113 928 2146 leg„
950 2111 1038 2139 Tom.
1062 2109 1102 2138 11.
1125 2115 1192 2144 pag,
1209 2110 1279 2145 485.

252 2182 288 2217 α)
309 2180 356 2209 Μ.
379 2178 535 2211 Orsua,
556 2176 631 2211 Lec·
652 2174 688 2202 de
710 2172 791 2201 med.
813 2172 874 2204 leg.
895 2169 984 2198 Tom.
1008 2168 1046 2196 11.
1068 2173 1135 2201 pag.
1157 2168 1226 2201 483.

252 2239 289 2276 ³)
308 2236 499 2273 Dfirfiirt,
519 2232 677 2265 deutsches
699 2228 909 2268 Apothcckers
933 2225 1032 2259 auch.
1062 2223 1147 2256 TOm·
1161 2222 1185 2251 1·
1207 2227 1274 2260 Pag-
1291 2228 1318 2253 S·

1235 2277 1321 2318 GA-
