1524 2850
295 274 352 315 ΞΟ
583 270 1120 315 ORATIO.

285 421 312 450 a
361 405 516 450 teneris
571 404 719 449 studiis
779 405 959 458 assueti,
1018 404 1138 457 facile
1192 404 1278 457 sint
1328 419 1412 465 ap-

284 483 427 533 tiores
1396 496 1400 533 ἶ

293 599 295 601 ,
342 558 508 617 Quodsi
549 557 817 616 quaerimus,
850 557 1021 615 quinam
1058 559 1118 602 illi
1146 559 1258 614 sint,
1298 573 1413 617 quo-

287 651 382 680 rum
424 636 468 679 in
494 635 765 680 commodum
801 634 971 694 publice
1009 635 1262 691 traduntur,
1306 636 1412 682 che-e

285 713 422 771 micae
466 712 715 775 disciplinae
731 745 743 766 ,
776 712 939 765 artibus
969 712 1183 761 adhibitae
1198 745 1211 767 ,
1244 713 1412 773 minei-2

284 790 385 851 pia3
415 789 554 835 minus
574 777 695 834 'sane
732 797 830 834 sunt
865 790 925 834 illi
965 790 1143 846 exculti3
1176 797 1215 835 et
1235 791 1279 840 ,si
1309 790 1415 848 quid

283 866 409 913 video
424 900 437 922 ,
466 867 512 911 in
548 867 622 911 tali
662 866 856 926 inprimis
892 867 1149 912 instituenda
1191 867 1414 926 disciplina

282 944 329 992 id
369 944 649 1003 spectandum
691 951 781 995 est,
822 951 871 993 ut
897 942 980 1001 ipsi
1018 942 1206 1002 operarii
1246 942 1413 997 varias,

285 1034 393 1076 quas
430 1034 542 1064 nunc
578 1035 657 1063 usu
679 1027 878 1079 acceptas
917 1019 1077 1064 habent
1115 1020 1413 1079 operationes,

284 1102 451 1160 penitus
481 1107 766 1159 cognoscant:
789 1108 835 1145 ut
864 1100 917 1146 de
942 1109 1087 1145 earum
1113 1099 1255 1145 indole
1270 1131 1283 1152 ,
1309 1098 1414 1152 fine,

283 1194 389 1231 usu,
443 1178 770 1226 difficultatibus
794 1209 808 1231 ‚
870 1178 1106 1223 commodis
1136 1210 1149 1232 ,
1210 1176 1415 1226 certiores

282 1255 415 1308 fiant,
458 1264 537 1300 nec
584 1255 710 1299 rudes
748 1262 790 1300 et
839 1254 1028 1309 indocti,
1059 1254 1229 1300 labores
1281 1252 1415 1298 sustiss-

284 1339 414 1380 ‚neant
431 1364 442 1384 ‚
488 1343 598 1388 quos
645 1320 876 1389 dijudicare
920 1339 961 1376 et
1001 1332 1209 1391 explicare
1246 1330 1415 1391 penitus

286 1423 374 1455 non
398 1416 603 1468 possunt,
634 1408 721 1453 imo
750 1409 802 1453 de
832 1423 1012 1466 quorum
1039 1409 1215 1454 utilitate
1245 1416 1285 1452 et
1316 1407 1417 1467 dig-

288 1485 420 1531 nitate
439 1519 451 1540 ‚
467 1501 520 1529 ne
531 1485 739 1530 levissima
756 1485 928 1543 quidem
942 1486 1076 1530 extitit
1089 1485 1133 1529 in
1149 1499 1295 1530 eorum
1319 1485 1417 1534 ani?

288 1563 369 1608 mis
385 1563 601 1623 cogitatio.
631 1563 741 1607 Hinc
755 1562 836 1607 illis
848 1562 1059 1623 principia
1074 1594 1087 1617 ,
1101 1562 1253 1619 quibus
1270 1562 1414 1607 diver-4

287 1656 360 1688 sae
387 1640 580 1689 nituntur
606 1641 902 1700 operationes,
931 1639 1181 1700 explicanda
1201 1639 1412 1688 videntur,

345 1719 494 1776 Neque
537 1717 631 1776 quis
673 1718 787 1765 dicat
818 1732 975 1777 parum
1012 1725 1054 1763 et
1107 1717 1320 1762 societatis
1375 1724 1417 1761 et

285 1796 480 1855 ipsorum
528 1794 737 1840 artificum
773 1795 1000 1848 interesse,
1046 1802 1093 1839 ut
1125 1795 1184 1839 ita
1220 1794 1291 1839 isti
1329 1794 1417 1839 ho-

287 1872 423 1920 mines
475 1871 771 1919 instituantur:
831 1871 1037 1917 Societati
1088 1872 1173 1929 jam
1222 1872 1417 1918 sufficere

287 1949 328 1997 si
381 1949 568 2008 operarii
594 1981 606 2002 ,
666 1948 722 1992 ad
793 1948 1063 2008 operationes
1133 1948 1416 2008 perficiendas

291 2041 402 2085 quae
454 2026 560 2086 ipsis
615 2024 934 2070 committuntur
950 2058 961 2079 ,
1005 2025 1090 2070 sint
1140 2025 1255 2084 apti:
1310 2025 1417 2085 ipsis

267 2103 522 2150 >artificibus
552 2103 756 2160 ejusmodi
795 2102 1097 2148 institutionem
1138 2099 1198 2146 nil
1221 2116 1418 2155 commo?
1469 2159 1473 2163 ι

246 2223 249 2227 .
285 2183 339 2228 ,di
377 2197 468 2227 esse
507 2182 755 2235 allaturam,
784 2181 872 2225 imo
902 2185 1001 2226 v'ero
1042 2181 1099 2224 ad
1127 2195 1278 2229 vanam
1307 2180 1417 2231 doc}

288 2260 427 2306 *trinae
470 2259 652 2321 speciem
692 2259 787 2304 illos
828 2258 1103 2321 excitatorem
1122 2288 1134 2310 ‚
1193 2273 1297 2325 qua*
1318 2272 1417 2313 saer

1320 2350 1438 2393 pius,
