1483 2860
245 268 300 315 90
466 261 1139 313 COMMENTATIO

240 365 364 416 [utum
393 370 539 409 hostem
563 371 739 410 omnibus
774 371 894 411 modis
919 371 1099 411 lacessivit
1114 398 1128 419 ‚
1165 381 1202 410 et
1227 384 1249 416 e
1270 372 1359 420 laten

240 436 320 482 bris
359 438 489 479 elicere
515 440 657 479 studuit
686 440 829 490 sibique
862 442 969 481 fimul
994 441 1147 480 exitium
1172 442 1331 491 paravit-

288 507 421 556 Itaque
446 509 485 548 G
501 510 576 548 uli
591 512 683 548 elm
698 523 722 548 u
738 523 774 549 m
807 512 957 560 publice
993 511 1104 550 laesae
1127 512 1358 561 maJestatis,

238 576 465 625 proditionis
515 579 676 628 aliisque
725 581 943 625 criminibus
988 581 1173 620 accusavit
1189 609 1204 630 ,
1258 580 1360 629 bona

239 645 320 694 ejus
348 656 385 685 et
418 648 581 687 dominia
610 650 733 694 omnia
765 651 971 700 publicavit
1007 663 1169 701 eumque
1193 652 1240 695 ad
1269 662 1360 691 cau-⁴

236 713 308 759 sam
343 715 443 756 suam
475 719 739 759 defendendam
766 721 805 760 in
827 723 890 771 J'us
918 722 1070 760 vocavit
1100 721 1183 771 (ι).
1240 721 1359 761 Dein<

236 786 283 835 de
304 798 432 830 omnes
457 790 611 830 omnino
630 791 726 841 J‘uris
750 791 891 839 limites
920 792 1102 830 excedens
1118 818 1133 838 ‚
1158 789 1358 838 Philipq

234 867 261 904 p
276 868 300 893 u
316 859 725 899 mcomitemssurens
742 872 829 908 em,
854 862 892 900 G
909 860 1114 899 ulielmi
1133 859 1249 899 filium
1263 886 1278 906 ‚
1295 859 1362 908 qui

235 925 428 974 Lovaniae
467 928 595 966 studiis
627 940 777 977 operam
813 930 1001 977 navabat,
1036 928 1214 979 neglectis
1241 927 1356 978 hujus

233 994 454 1039 Academiae
487 998 694 1048 privilegiis
716 1027 730 1047 ‚
781 1000 1048 1047 comprehendi
1077 1009 1114 1037 et
1146 998 1186 1036 in
1220 998 1360 1053 Hispa*

232 1065 330 1104 niam
365 1067 464 1105 mitti
485 1068 596 1117 jusfit
628 1070 712 1118 (α).
768 1070 869 1109 Gul
885 1071 897 1107 i
913 1071 1002 1108 elm
1019 1081 1043 1108 o
1067 1081 1258 1121 nunquam
1283 1069 1353 1107 du·-

232 1135 337 1174 bium
360 1136 502 1184 fuerat,
542 1151 652 1191 quam
694 1140 815 1179 tristia
852 1140 926 1180 fata
963 1151 1046 1178 eum
1086 1147 1294 1190 manerent,
1323 1139 1350 1178 fi

231 1203 272 1244 in
320 1206 418 1245 Alb
433 1209 516 1246 ani
557 1219 782 1258 potestatem
816 1210 888 1261 sese
903 1212 1074 1250 traderet.
1124 1209 1265 1250 Verum
1305 1208 1351 1247 il-

227 1275 267 1312 lo
306 1285 479 1325 temporo
528 1280 777 1327 Hmnani,
818 1280 1104 1329 Egmondi,
1158 1280 1349 1319 Monti-

231 1355 255 1393 g
268 1345 366 1392 nii,
380 1347 408 1384 B
423 1359 441 1384 e
455 1360 473 1385 r
487 1359 510 1396 g
524 1360 542 1386 e
555 1360 579 1386 n
594 1349 667 1386 sis
684 1350 919 1397 aliorumque
945 1351 1134 1399 Belgarum
1152 1361 1350 1398 procerum

230 1414 345 1452 flebili
385 1416 484 1455 sorte
517 1418 558 1455 in
590 1417 769 1458 sententia
792 1419 853 1458 sua
878 1421 982 1457 valde
1007 1419 1249 1457 confirmatus
1276 1427 1348 1457 est.

226 1483 360 1533 Itaque
392 1487 486 1525 Alb
499 1499 519 1525 a
531 1499 555 1525 n
572 1488 584 1524 i
609 1489 764 1536 imperio
778 1488 948 1527 resistens
962 1518 976 1536 ‚
996 1489 1031 1528 se
1045 1490 1090 1527 ad
1113 1490 1277 1527 omnium
1293 1501 1351 1526 ea-

228 1565 309 1591 rum
344 1567 490 1604 rerum,
528 1569 622 1605 quae
655 1558 850 1606 gesfisset‚
887 1571 1010 1598 coram
1047 1559 1223 1607 legitimis
1247 1559 1350 1608 judi-

226 1623 334 1662 cibus
365 1625 545 1664 rationem
583 1628 834 1676 reddendam,
862 1627 1002 1677 semper
1025 1637 1193 1677 paratum
1231 1626 1346 1676 fore,

226 1695 433 1742 respondit.
499 1697 645 1736 Deinde
694 1698 793 1736 Alb
808 1699 892 1736 ani
940 1709 1018 1736 non
1064 1697 1140 1736 esse
1188 1696 1227 1735 in
1266 1698 1347 1747 eJ‘us

225 1775 285 1802 res
313 1774 438 1813 gestes
463 1766 673 1817 inquirere,
701 1767 760 1807 sed
789 1769 863 1806 hoc
889 1769 952 1818 jus
978 1767 1096 1806 Aurei
1117 1767 1266 1807 velleris
1286 1779 1349 1805 or·

1289 1838 1346 1876 di-

265 1953 320 1992 (ι)
341 1955 410 1985 Vid.
436 1958 534 1990 Bor,
555 1959 616 1994 Op.
639 1961 663 1988 1.
688 1959 756 1988 Lib.
779 1960 818 1988 V.
847 1960 906 1988 fol.
927 1961 998 1995 456.
1021 1959 1066 1994 sq.
1091 1975 1134 1982 -
1155 1958 1279 1995 Lenn,
1299 1959 1342 1991 u.

225 2020 295 2047 vag.
324 2020 371 2048 33·
395 2029 439 2035 —
467 2016 612 2050 Hooft‚
644 2018 714 2056 op„
734 2017 757 2046 l.
781 2018 852 2046 vol.
884 2017 912 2046 1.
940 2024 1011 2052 pag.
1041 2018 1108 2052 167.
1147 2027 1195 2039 -
1221 2016 1345 2047 Diues

225 2070 336 2103 thus,
359 2072 418 2106 op.
447 2073 468 2100 1.
490 2080 556 2106 pag.
576 2073 625 2107 76.

264 2126 318 2162 (2)
341 2126 409 2156 Vid.
434 2127 523 2162 Apol.
543 2132 672 2163 pag.8r.
696 2129 741 2164 sq.
759 2130 918 2168 -Joam
940 2128 1148 2164 Baptista,
1180 2131 1224 2158 de
1254 2133 1341 2160 Pas·

224 2180 283 2222 sis
314 2183 598 2222 commentariorum
615 2185 652 2213 de
687 2185 862 2213 tumultibus
889 2185 1040 2221 Belgicis,
1061 2186 1129 2215 Lib.
1154 2188 1240 2217 vm.
1262 2189 1340 2223 apud

225 2237 265 2266 C.
301 2242 333 2269 P.
372 2240 541 2274 Hoynck
578 2249 635 2269 van
666 2243 977 2279 Papendrecht,
1022 2244 1166 2274 Analecta
1197 2244 1338 2281 Belgica.

226 2295 315 2337 Tem.
336 2296 381 2328 u.
402 2297 469 2327 Pars
490 2298 531 2327 11.
555 2305 622 2335 pag.
650 2304 714 2336 135.
