1483 2860
299 283 373 321 116
521 279 1194 324 COMMENTATIO

301 399 387 437 rege
405 400 459 426 -ea
504 389 649 433 ratione
665 417 679 436 ,
713 401 787 437 qua
811 389 1020 438 antiquitus
1047 388 1217 436 solebat,
1245 391 1386 440 regnari
1402 416 1424 438 .,

300 459 482 496 neminem
510 458 763 507 Hispanorum
801 458 839 497 in
876 460 1025 508 Belgio
1042 460 1253 501 honoribus
1281 461 1419 509 fungi;

299 528 418 565 verbo
433 554 448 574 ‚
474 538 515 566 ea
530 555 544 574 ‚
578 539 672 575 quae
694 528 862 578 Belgium
890 529 979 568 olim
1003 531 1216 569 obtinuerat
1233 558 1247 577 ‚
1259 532 1342 580 jura
1362 531 1420 569 in·

303 606 405 645 tegra
432 608 473 635 ac
500 597 677 636 inviolata
696 598 854 639 servari:
871 600 944 639 hoc
962 610 1038 639 erat
1060 600 1166 649 quod
1188 598 1421 651 summopere

302 665 526 717 efflagitavit.

792 771 831 822 §-
867 785 909 824 9.

350 881 596 921 Albanus
630 882 768 921 interea
809 882 984 921 Montem
1027 880 1249 920 Harmoniae
1291 887 1422 929 magna

299 962 411 990 manu
447 951 729 991 cireumsederat
761 960 799 990 et
831 951 931 990 haud
952 951 1150 990 mediocris
1186 951 1309 989 aderat
1345 961 1423 988 me-

297 1029 361 1060 tus
375 1050 390 1069 ,
416 1033 463 1061 ne
486 1022 618 1061 eximia
640 1023 702 1061 illa
713 1023 807 1060 urbe
829 1023 1029 1071 potiretur.
1067 1022 1195 1072 Quare
1218 1021 1422 1061 Guliel-

299 1102 404 1130 mus
436 1090 638 1131 confestim
673 1092 804 1141 copias
837 1091 918 1131 suas
956 1092 1171 1140 contraxit,
1200 1099 1242 1130 ut
1277 1091 1424 1130 Alba·

297 1173 409 1201 num
445 1164 639 1212 repelleret
664 1162 873 1210 urbemque
908 1160 1053 1201 obsidio
1086 1161 1272 1200 liberaret.
1341 1161 1424 1200 An-

295 1241 451 1281 tequam
494 1245 585 1272 vero
637 1233 683 1271 ad
730 1232 872 1271 bellum
918 1231 1260 1282 proficiscebatur,
1317 1230 1426 1269 libel·

297 1302 376 1341 lum
429 1303 468 1341 in
501 1304 623 1342 lucem
656 1303 799 1351 edidit,
844 1314 923 1351 quo
968 1301 1103 1341 iterum
1133 1301 1284 1348 causas,
1331 1312 1423 1349 qua-

296 1382 339 1410 re
364 1383 464 1412 arma
496 1371 730 1422 susciperet,
762 1371 934 1423 exposuit
955 1372 1041 1422 (ι).
1070 1371 1192 1412 Pridie
1215 1371 1306 1410 Idus
1342 1372 1428 1410 Au·

1338 1451 1431 1491 gus-

296 1534 333 1563 ad
367 1533 511 1561 summam
546 1533 578 1561 in
604 1531 763 1568 republica
797 1531 967 1567 potentiam
994 1529 1173 1566 adspirasse.
1230 1529 1316 1560 Nihil
1340 1529 1423 1561 enim

297 1589 446 1626 omnino,
465 1597 609 1625 quantum
634 1590 718 1625 scio,
748 1588 1003 1622 Gulielmus‚
1021 1589 1072 1616 vel
1098 1587 1177 1616 dixit
1198 1592 1348 1624 unquam,
1371 1589 1424 1617 vel

295 1648 412 1684 rcripfit
426 1668 438 1683 ,
458 1649 510 1676 vel
537 1647 617 1683 egit,
639 1655 678 1675 ex
696 1654 757 1682 quo
774 1647 833 1675 hoc
849 1645 954 1680 colligi
981 1645 1066 1674 licet.
1110 1644 1240 1675 Ordines
1266 1653 1335 1674 eum
1357 1646 1426 1682 qui-

295 1707 388 1742 dem,
424 1706 526 1734 donec
559 1712 615 1733 rex
655 1703 776 1732 abesset
808 1702 907 1737 Belgii
940 1701 1113 1738 principem
1152 1710 1184 1731 et
1227 1702 1425 1748 defensorem

291 1762 547 1799 pronuntiarunt,
568 1762 621 1789 sed
643 1767 808 1796 propterea
826 1766 1009 1796 perpetuum
1028 1761 1183 1794 Belgarum
1206 1759 1370 1795 imperium
1393 1760 1425 1791 in

293 1827 365 1848 eum
387 1817 603 1848 detulissedici
627 1825 689 1845 non
710 1816 846 1853 possunt.
889 1816 1039 1845 Albani
1064 1816 1228 1851 imperium
1249 1824 1306 1846 tam
1333 1817 1425 1848 ferox

294 1875 409 1904 factum
440 1882 523 1911 erat,
563 1882 596 1903 ut
632 1874 754 1909 Belgiae
798 1874 837 1907 eil
853 1873 983 1908 amplius
1008 1872 1136 1908 obsequi
1172 1881 1236 1902 non
1265 1875 1427 1910 valerent,

294 1940 355 1962 tam
371 1932 533 1967 odiosum,
553 1939 588 1960 ut
603 1932 634 1960 ei
653 1931 781 1960 obedire
798 1932 930 1960 nollent.
974 1930 1084 1965 ltaque
1101 1928 1264 1965 prudentia
1285 1937 1424 1965 magnae.

295 1997 358 2027 que
383 1989 572 2018 auctoritatis
591 1989 659 2017 viro
689 1995 765 2023 opus
793 1994 876 2022 erat,
898 1986 951 2022 qui
978 1986 1064 2015 cives
1089 1993 1195 2015 contra
1220 1984 1427 2022 Hispanorum

294 2047 440 2082 injuriam
472 2046 653 2075 defenderet
689 2045 943 2078 turbulentosque
969 2042 1087 2072 animos
1115 2042 1290 2072 contineret
1321 2050 1354 2073 et
1388 2044 1426 2074 nd
1457 2065 1459 2068 .

295 2112 390 2133 unum
413 2103 556 2138 idemque
583 2103 790 2138 propositum,
817 2100 977 2136 pristinam
1006 2097 1124 2128 scilicet
1146 2099 1316 2129 libertatem
1350 2107 1426 2130 con·
1477 2099 1483 2107 ¹

294 2162 435 2189 duceret.
458 2160 523 2196 Qua
534 2158 565 2187 in
582 2167 615 2187 re
634 2166 725 2186 nemo
739 2158 806 2185 sane
821 2158 894 2186 Gul
906 2156 941 2185 ie
952 2158 962 2184 l
974 2164 1031 2185 mo
1048 2155 1200 2192 paratior,
1215 2163 1306 2185 nemo
1323 2156 1425 2192 aptior

295 2210 369 2246 eligi
385 2209 497 2246 potuit.
540 2209 640 2238 Nemo
660 2208 741 2237 enim
762 2207 834 2236 huic
850 2206 1032 2243 prudentia,
1050 2208 1100 2234 vel
1120 2206 1235 2242 patriae
1252 2214 1356 2235 amore
1374 2215 1426 2237 nn·

297 2275 329 2296 te
346 2268 498 2302 calebat,
519 2274 611 2295 nemo
637 2265 674 2294 ab
693 2264 862 2301 imperandi
883 2263 1029 2299 cupidine
1053 2262 1144 2300 magis
1165 2269 1233 2293 erat
1256 2262 1389 2294 alienun«

339 2324 401 2361 (ι)
422 2323 492 2353 Via.
512 2323 536 2351 B
556 2330 612 2359 or,
629 2322 693 2358 op.
710 2324 731 2352 l.
750 2321 817 2352 Lib.
835 2321 892 2351 Vl.
912 2320 970 2351 fol.
990 2325 1059 2357 290.
