1483 2860
244 227 291 272 98
480 215 1154 263 COMMEN-TATIO

252 331 513 370 Gulielmi
577 328 813 368 obedientia
865 340 949 367 cum
988 327 1088 365 bello
1112 334 1246 379 contra
1295 326 1375 366 Al-

253 401 276 438 b
287 412 338 439 an
353 413 422 439 um
472 401 630 448 gerendo
679 398 881 437 consistere
937 406 1082 451 poterat
1105 397 1125 435 ‘3
1185 395 1366 444 siquidem

253 469 314 508 hic
365 469 515 517 omnia,
579 480 674 517 quae
725 469 884 507 faciebat
932 468 1103 520 crudelia·
1144 479 1189 505 ex
1238 467 1375 519 yolun-

259 547 335 576 tate
373 539 471 587 regia
509 546 715 589 perageret.
780 539 922 577 Nonne
962 538 1165 577 Albano
1202 526 1383 576 refistens'

256 608 324 657 ipsi
352 621 507 657 quoque
535 608 612 657 regi
638 608 778 647 bellum
805 607 943 647 indixit
977 606 1326 655 Gulielmus2=

307 678 433 717 Habet
459 678 542 716 sane
585 679 674 717 haec
711 678 980 727 argumentatio
1015 678 1184 726 aliquid,
1227 688 1304 726 quo
1341 676 1378 716 se

258 747 370 785 nobis
395 749 628 786 commendet
662 757 776 797 atque
807 749 968 797 aliquam
1005 758 1104 787 certe
1140 760 1227 797 prae
1248 747 1283 786 se
1309 747 1383 786 fert

262 819 429 857 veritatis
457 817 630 867 speciem.
699 818 842 856 Verum
878 830 917 856 re
954 827 1123 856 accurate
1177 817 1381 856 examinata

269 887 526 926 Gulielmi
561 888 724 937 rationes
754 887 908 925 omnino
935 887 1148 937 probandae
1164 888 1264 926 sunt.

314 957 404 1008 Quo
451 958 590 997 clarius
645 959 734 996 haec
784 969 844 996 res
891 957 1003 996 nobis
1066 956 1257 1007 perspecta
1301 957 1347 996 fit
1365 984 1381 1004 ‚

269 1040 336 1076 age
358 1056 372 1075 ‚
421 1040 498 1066 eam
548 1029 718 1077 exemplo
777 1029 938 1075 quodam
984 1039 1029 1066 ex
1081 1028 1157 1066 vita
1196 1027 1341 1076 privata
1368 1053 1382 1073 ,

265 1099 387 1149 petito
429 1100 675 1138 illustremus.
744 1099 786 1138 Si
822 1098 938 1147 igitur
974 1097 1171 1146 famulus,
1220 1097 1288 1146 qui
1334 1096 1389 1135 se-

262 1169 299 1208 se
333 1169 486 1208 domino
524 1169 670 1209 cuidam
704 1170 751 1208 ad
790 1166 1040 1208 obediendum
1087 1158 1297 1216 obligavit,
1338 1166 1385 1205 ab

265 1241 339 1278 alio
387 1240 565 1289 quopiam
607 1240 773 1290 ejusdem
821 1238 985 1278 hominis
1031 1237 1172 1277 famulo
1217 1238 1256 1275 in
1303 1238 1389 1287 jure

265 1311 333 1348 suo
367 1311 559 1358 laedatur,
597 1310 671 1349 five
697 1310 770 1348 hoc
799 1309 861 1348 sua
893 1309 1055 1358 sponte,
1083 1308 1159 1347 five
1192 1309 1388 1346 mandante

267 1381 421 1419 domino
450 1380 613 1429 fecerit,
641 1391 767 1418 nonne
801 1378 964 1419 famulus
990 1378 1109 1418 laesus
1136 1377 1307 1428 inJ'uriam
1345 1377 1391 1416 fi-

268 1451 308 1488 bi
333 1451 468 1490 illatam
491 1450 668 1500 repellere
689 1450 754 1488 suo
783 1451 867 1500 jure
901 1450 1059 1499 potest?
1086 1450 1190 1488 Num
1217 1455 1394 1497 propter-

272 1532 313 1558 ea
364 1533 510 1559 omnem
545 1521 793 1560 obedientiam
830 1520 985 1559 domino
1013 1518 1209 1569 denegasse
1244 1519 1395 1558 censen·

276 1591 348 1629 dus
371 1592 458 1630 est?
487 1592 647 1631 Minime
670 1602 776 1630 verO.
821 1592 974 1631 EtenIm
998 1600 1118 1629 certas
1141 1599 1398 1638 tantumfope·

271 1671 329 1697 ras
358 1661 538 1709 praestare
564 1671 735 1710 tenetur,
763 1673 856 1710 quas
881 1662 908 1701 fi
935 1661 1139 1710 neglexerit
1169 1669 1206 1699 et
1230 1659 1392 1708 amplius

275 1730 457 1778 praestare
479 1741 591 1780 neget
623 1740 703 1771 tum
726 1733 874 1771 demum
908 1732 949 1770 in
977 1731 1241 1770 obstinationis
1264 1738 1392 1769 notam

273 1799 464 1840 incurrere
483 1811 627 1851 potest.
682 1803 889 1852 Nunquam
920 1814 1010 1842 vero
1022 1802 1094 1840 sese
1130 1801 1328 1841 obstrinxit
1351 1801 1398 1840 ad

281 1880 428 1917 gravem
457 1872 627 1921 injuriam
654 1884 675 1911 a
701 1873 856 1912 domino
873 1901 887 1920 ‚
914 1874 975 1911 vel
993 1872 1074 1911 aliis
1092 1899 1105 1920 ,
1133 1873 1194 1911 vel
1223 1870 1293 1910 fibi
1312 1871 1392 1910 illa-

284 1948 375 1987 tam,
400 1953 520 1989 aequo
551 1943 676 1980 animo
708 1942 981 1991 perferendam.

329 2011 473 2050 Eodem
483 2013 592 2061 plane
606 2014 719 2052 modo
735 2013 774 2052 G
787 2014 837 2051 ul
855 2014 866 2050 i
880 2025 900 2051 e
914 2014 973 2051 lm
988 2025 1012 2052 u
1024 2024 1042 2051 s
1053 2011 1261 2063 regisjusfis
1277 2040 1292 2060 ,
1309 2023 1400 2060 qua·
1460 2058 1461 2061 Ἴ

280 2089 391 2121 tenus
419 2094 504 2120 cum
520 2083 636 2132 Belgii
656 2083 805 2133 juribus
826 2081 1111 2133 privilegiisque
1125 2082 1397 2130 convenirent,

275 2151 418 2201 semper
431 2153 702 2202 obtemperavit
720 2155 887 2202 adeoque
910 2153 1140 2193 obedientiae
1165 2151 1290 2190 officio
1314 2162 1399 2200 per·
1436 2183 1441 2188 ,

279 2220 434 2260 functus
468 2233 554 2271 est3
593 2223 792 2263 Albani
831 2236 921 2262 vero
967 2223 1169 2263 inauditam
1205 2221 1403 2260 crudelita-

286 2300 360 2332 tem
404 2305 447 2333 ac
491 2293 758 2338 intolerandam
790 2295 962 2347 inJ'uriam
999 2294 1098 2334 ferre
1122 2292 1247 2334 noluit
1281 2301 1403 2340 neque

1296 2370 1405 2400 etlam
