2912 4368
933 1264 1438 1315 L1TERAR'1A.
1657 1270 1726 1322 163

608 1377 665 1435 gis
700 1384 892 1434 periculosi
929 1384 1064 1424 fiebant
1100 1394 1221 1431 neque
1256 1381 1414 1430 amplius
1451 1380 1489 1418 vi
1525 1379 1723 1428 comprimi

613 1454 721 1504 posse
756 1454 991 1493 videbantur.
1044 1453 1148 1504 Quae
1177 1465 1291 1501 quum
1323 1453 1372 1490 ita
1396 1450 1538 1498 essent⁹
1567 1450 1731 1488 Braban·

616 1525 687 1563 tiae
731 1534 766 1563 et
814 1524 1000 1562 Flandriae
1043 1523 1201 1561 Ordines
1241 1522 1310 1561 sese
1350 1534 1434 1560 curn
1477 1520 1728 1559 Gulielmo

615 1602 744 1632 contra
780 1594 970 1642 Hispanos
996 1594 1221 1643 conjungere
1247 1594 1482 1631 vehementer
1514 1591 1727 1639 cupiebant.

622 1664 838 1702 Reuxius
866 1664 1006 1713 igitur,
1035 1664 1100 1711 qui
1127 1664 1314 1702 Flandriae
1339 1662 1604 1711 praefecturam
1632 1670 1734 1698 tene-

627 1735 716 1781 bat,
758 1734 893 1781 aliique
930 1734 1089 1771 Nobiles
1137 1733 1409 1771 Haussium
1449 1734 1493 1770 ad
1535 1731 1737 1769 Guliel-

629 1816 746 1842 mum
783 1806 900 1852 legare
933 1805 1203 1850 decreverunt,
1240 1812 1282 1841 ut
1316 1804 1360 1840 de
1389 1802 1568 1851 Hispanis
1609 1800 1738 1847 Belgio

633 1875 861 1922 expellendis
888 1884 1071 1923 ageretur.
1120 1875 1246 1912 Paullo
1274 1880 1361 1921 post
1394 1871 1608 1910 Brabantiae
1634 1871 1742 1908 Flan-

631 1945 729 1983 driae
754 1954 788 1981 et
815 1945 1030 1982 Hannoniae
1059 1944 1217 1981 Ordines
1242 1943 1275 1981 O
1291 1942 1545 1991 eringium
1575 1941 1620 1978 ad
1649 1939 1687 1978 G
1703 1951 1746 1977 u·

633 2015 849 2053 lielmum
899 2005 1095 2060 miserunt,
1149 2021 1191 2050 ut
1233 2012 1316 2049 suos
1355 2012 1495 2060 legatos
1534 2011 1580 2048 ad
1622 2021 1749 2059 pacem

637 2085 805 2123 Gandavi
855 2084 1119 2122 conficiendam
1166 2084 1335 2131 allegaret
1360 2093 1370 2119 t
1424 2081 1491 2118 hac
1537 2078 1751 2117 conditione

639 2162 680 2190 ut
704 2154 900 2190 Romano·
917 2154 1098 2190 catholica
1122 2153 1252 2200 religio
1280 2150 1453 2188 immunis
1478 2151 1679 2189 servaretur
1700 2160 1756 2188 re·

638 2224 750 2272 gique
786 2223 994 2260 obedientia
1020 2223 1117 2260 haud
1145 2223 1384 2268 denegaretur
1408 2221 1489 2269 (1).

696 2293 991 2331 Gulielmus
1021 2293 1095 2341 jam
1131 2292 1194 2329 diu
1224 2290 1323 2338 spem
1361 2290 1531 2336 foverat,
1579 2286 1660 2327 fore
1694 2288 1758 2325 ali-

646 2363 821 2410 quando,
849 2371 891 2400 ut
923 2361 1104 2399 libertatis
1141 2361 1301 2399 studium
1329 2371 1437 2397 omne
1465 2358 1631 2408 Belgium
1660 2366 1761 2396 tene-

647 2442 729 2478 ret,
757 2443 962 2479 omnesque
996 2433 1039 2469 ad
1068 2431 1257 2478 Hispanos
1284 2429 1520 2478 depellendos
1558 2429 1762 2477 conJ'unge-

649 2509 720 2538 ret.
772 2501 896 2550 Quare
931 2500 1003 2537 hoc·
1025 2499 1158 2537 nuntio
1192 2499 1286 2537 nihil
1321 2498 1524 2547 optabilius
1559 2496 1592 2535 ei
1624 2497 1763 2535 accide-

651 2581 689 2607 re
722 2577 881 2617 poterat.

708 2638 835 2684 Itaque
868 2635 1167 2674 Gulielmus
1214 2636 1432 2675 Hollandiae
1479 2645 1515 2674 et
1552 2632 1768 2675 Zeelandiae

661 2706 820 2744 Ordines
861 2707 1081 2753 admonuit,
1132 2715 1172 2744 ut
1205 2719 1242 2744 re
1283 2717 1450 2745 accurate
1486 2707 1688 2755 ponderata
1734 2715 1772 2744 et

665 2777 869 2814 examinata
907 2775 990 2813 suos
1019 2776 1234 2814 Gandaurm
1267 2777 1407 2825 legatos
1432 2777 1631 2815 mitterent.

715 2848 917 2893 Postquam
946 2857 1072 2883 omnes
1108 2855 1381 2893 convenerant,
1410 2846 1571 2884 miseram
1598 2845 1777 2895 reipubli-

663 2928 725 2955 cae
752 2915 1004 2953 conditionem
1032 2917 1264 2953 vehementer
1291 2917 1529 2964 deploratum:
1553 2925 1588 2953 et
1615 2917 1774 2964 praecla-

664 2999 701 3025 re
717 2986 982 3035 perspexerunt
999 3015 1012 3032 ‚
1027 2986 1282 3034 Hispanorum
1299 2986 1633 3025 machinationibus
1646 2987 1778 3033 decep-

669 3056 870 3103 tos,cives
890 3055 953 3092 fibi
979 3055 1135 3093 invicem
1161 3056 1295 3093 bellum
1319 3055 1498 3093 intulisse.
1529 3055 1689 3093 Primum
1713 3053 1780 3102 igi-

669 3133 728 3163 tur
766 3124 929 3162 inducias
969 3123 1088 3162 facere
1127 3126 1368 3163 decreverunt
1403 3125 1580 3171 civesque
1617 3124 1683 3162 fibi
1726 3124 1782 3162 in·-

1728 3193 1783 3231 vi·

713 3304 763 3339 (1)
786 3304 855 3332 vid.
877 3304 966 3334 Bor,
1004 3305 1064 3338 Op.
1086 3305 1105 3332 Ι.
1128 3303 1210 3331 Libr.
1243 3304 1296 3332 IX.
1326 3301 1382 3332 fol.
1408 3310 1473 3336 172.
1497 3302 1539 3336 sq.
1570 3315 1606 3323 —-
1633 3298 1776 3336 Hooft,

674 3359 766 3393 op.1.
787 3367 853 3394 pag.
877 3363 944 3397 461.
969 3359 1014 3393 sq.
1042 3375 1085 3383 -
1116 3359 1216 3387 Leven
1244 3367 1303 3388 eet.
1326 3359 1365 3389 11.
1386 3366 1453 3394 pag.
1475 3359 1545 3394 4⁶⁶·
1564 3357 1608 3392 sq.

1178 3413 1263 3453 La
