1483 2860
475 191 545 240 152'
595 193 899 253 ACETO.
1206 211 1255 252 29

144 316 237 353 num
259 308 411 351 exhibet
434 314 578 348 acetum
609 305 667 355 1).
702 303 744 344 Si
768 311 891 343 autem
917 303 1048 354 majori
1071 303 1257 354 quantita-

145 391 184 422 te
217 393 259 422 ν.
295 392 333 420 c.
370 378 417 417 ad
444 390 522 426 400
549 375 753 422 sextarios,
793 379 938 413 acetum
979 373 1181 421 parandum
1210 373 1264 414 sit

145 450 314 501 sequenti
351 448 496 488 ratione
536 445 735 495 procedere
774 441 990 493 possumus,
1065 442 1110 481 In
1145 443 1263 483 ahena

144 531 284 572 cuprea
319 517 449 558 stanno
479 515 643 556 obducta
679 515 703 553 6
732 513 803 553 lib.
835 511 964 551 tartari
990 511 1201 560 pulver-isati
1224 513 1265 553 in

152 604 225 632 100
242 588 410 630 sextariis
444 597 562 635 aquae
593 582 775 624 ferventis
807 581 996 622 solvantur
1023 589 1136 630 atque
1151 609 1165 631 ‚
1190 581 1266 623 hoe

148 661 279 709 fact0‚
305 658 488 698 addantur
519 668 566 696 12
600 654 670 695 lib.
698 653 819 694 mellis
849 651 954 693 flavi·
1007 652 1159 692 Solutio
1190 653 1268 704 jam

149 731 225 773 vafi
260 730 387 780 ligneo
422 725 642 766 infundatur
677 733 791 773 atque
831 722 1030 762 misceatur
1066 733 1153 762 cum
1187 733 1269 772 292

149 800 317 842 sextariis
353 809 473 849 aquae
516 795 674 844 frigidae
715 802 830 844 atque
867 801 955 832 octo
996 791 1163 832 sextariis
1196 791 1273 834 fer-

154 870 272 912 menti
294 881 316 909 e
339 866 539 916 cerevifia3
579 865 694 905 massa
719 866 795 915 jam
823 863 919 903 bene
941 861 1102 913 agitetur
1124 870 1163 902 et
1184 862 1272 903 dein

148 953 218 983 vas
252 939 395 980 tamdiu
420 938 508 977 loco
533 935 680 976 modice
703 933 884 974 calefacto
923 932 1133 983 deponatur
1152 933 1272 974 donec

149 1011 280 1053 vinosa
313 1007 548 1050 fermentatio
572 1005 621 1045 fit
649 1012 812 1055 peracta.
862 1003 980 1044 Nunc
1009 1003 1193 1053 liquidum
1217 1004 1275 1043 vi-

152 1083 288 1124 nosum
302 1109 318 1131 ‚
358 1077 525 1130 siphonis
559 1087 633 1127 ope
647 1104 662 1125 ‚
696 1075 738 1115 in
766 1073 963 1114 aliud'vas
994 1072 1277 1115 transfundatur

153 1163 267 1203 atque
308 1151 454 1191 tandem
486 1146 628 1197 liquori
654 1159 704 1186 20
726 1144 873 1184 sextarii
899 1144 1083 1184 alcoholis
1109 1147 1193 1184 2ggr
1207 1145 1278 1188 ,ad-

157 1224 307 1264 dantur.
358 1220 417 1260 Ut
439 1226 562 1258 autem
600 1217 677 1257 hoc
709 1215 892 1265 liquidum
924 1214 1096 1255 vinosum
1125 1214 1167 1254 in
1195 1226 1279 1254 ace-

156 1302 238 1333 tum
273 1299 440 1330 mutetur
471 1287 612 1336 cuique
642 1285 719 1326 vasi
750 1298 803 1335 40
842 1284 988 1325 sextarii
1028 1285 1121 1324 aceti
1153 1285 1281 1325 infun-

158 1363 321 1410 dantur,
347 1367 461 1407 atque
482 1356 569 1396 dein
590 1364 736 1395 tantum
752 1354 842 1395 ⁴vini
860 1366 880 1393 e
908 1356 1016 1394 melle
1039 1355 1278 1405 affundatur,

159 1440 342 1484 quantum
366 1427 520 1468 sufficiat
541 1426 588 1467 ad
607 1437 673 1465 vas
696 1426 744 1465 ad
768 1432 978 1475 aperturam
1003 1425 1190 1464 lateralem
1215 1436 1281 1464 us-

118 1490 124 1498 ’
161 1513 237 1555 que
261 1500 524 1551 implendum;
557 1497 632 1548 jam
665 1496 756 1535 loco
788 1495 910 1535 calido
945 1494 1121 1544 expofitis
1148 1495 1250 1535 ‘vasis
1263 1524 1280 1545 ‚

163 1581 256 1625 post
287 1580 425 1611 novem
450 1569 513 1608 vel
537 1567 663 1607 decem
687 1565 936 1605 hebdomades
961 1566 1104 1604 bonurn
1131 1578 1177 1605 ex
1202 1565 1280 1606 illis

161 1642 370 1692 acquiritur
397 1646 568 1687 acetum,
613 1645 650 1676 et
685 1635 866 1686 siquidem
893 1635 1004 1674 semel
1033 1637 1106 1675 tale
1134 1645 1282 1677 acetum

163 1713 379 1756 confectum
411 1717 468 1749 est
492 1707 667 1748 omnibus
703 1714 792 1746 octo
819 1706 952 1745 diebus
975 1717 1022 1755 30
1042 1705 1190 1745 sextarii
1206 1706 1280 1746 -de-

160 1784 287 1836 promi
320 1779 503 1832 possunt,
528 1777 731 1819 dummodo
757 1778 880 1817 eadem
908 1774 1070 1825 liquoris
1105 1775 1224 1816 vinofi
1259 1789 1283 1816 e

164 1857 273 1898 melle
305 1852 509 1903 quantitate
527 1847 832 1900 compensentur.
881 1848 1043 1886 Acetum
1069 1846 1143 1886 hoc
1163 1848 1278 1887 modo

165 1923 388 1975 acquifitum
416 1921 546 1970 sapore
582 1921 699 1958 odore
733 1927 773 1958 et
801 1917 1027 1957 fortitudine
1055 1917 1203 1957 exceilit
1225 1926 1281 1958 at-

168 2007 243 2047 que
272 1995 397 2035 minus
426 2003 537 2042 quam
569 1998 714 2030 acetum
736 2000 758 2030 e
777 1988 867 2029 vino
890 1987 930 2026 in
953 1998 1140 2027 mucorem
1162 1996 1283 2027 trans-

1216 2069 1272 2097 ire

205 2198 240 2234 x)
260 2193 395 2227 Bulletin
418 2193 472 2223 des
495 2198 643 2222 neuesten
670 2191 731 2221 und
748 2188 930 2222 Wissensw.
951 2196 1002 2220 aus
1018 2189 1072 2219 tier
1087 2188 1182 2219 Natur
1196 2187 1279 2219 Wis-

166 2255 303 2290 sensch„
328 2252 453 2283 lisand.
473 2252 503 2281 S.
526 2251 581 2281 282
603 2249 687 2286 seqq.
