1483 2860
426 207 859 260 JURIDICA.
941 199 943 202 ’
1156 219 1203 262 μ

91 317 245 357 domino
275 316 369 356 facta
404 317 463 356 fit.
494 320 522 358 l.
562 328 626 367 ες.
656 318 700 359 ff.
737 320 785 358 de
811 318 984 358 contrah.
1009 326 1104 360 emt·
1144 319 1211 358 Ex

91 387 151 426 his
187 387 383 436 principiis
418 387 535 426 haufit
560 389 622 438 jus
652 389 873 427 hodiernum
920 389 1125 428 doctrinam
1161 390 1214 428 de

88 457 382 497 conventionum
422 457 595 507 obJ'ecto,
648 459 825 505 quocirca
863 468 905 497 ea
946 468 1023 497 non
1061 468 1212 508 repeto,

90 528 181 566 Vid.
208 537 280 567 art.
303 530 564 578 1126—1130
597 536 636 566 et
668 539 778 578 1133.
846 529 968 569 Unice
1006 529 1101 567 illud
1140 528 1213 567 ob-

91 597 226 646 servo,
251 598 389 636 alienae
411 597 464 636 rei
487 598 739 637 venditionem
770 600 908 638 nullam
930 599 1012 648 iure
1026 598 1212 638 hodierno·

91 667 195 717 esse,
229 668 332 707 secus
359 680 402 708 ac
430 670 513 719 jure
533 668 585 707 R.
631 667 851 709 Differentia
883 680 975 708 vero
1004 679 1083 707 non
1108 675 1213 707 tanta!

91 746 150 776 est
182 750 224 776 ac
253 737 429 787 videtur,
456 750 540 777 nam
574 747 710 777 neutro
733 741 817 790 jure
850 739 1016 778 venditio
1047 738 1101 777 rei
1125 739 1216 776 alie·

91 817 161 847 nae
185 809 392 848 dominium
421 808 596 847 transfert
612 837 625 858 ,
653 819 690 847 et
714 818 878 858 utroque
901 809 1034 848 titulus
1067 817 1126 847 est
1147 809 1214 847 ha·

91 877 181 917 bilis
219 880 265 918 ad
297 880 558 928 usucapionem
577 907 590 926 ,
618 888 780 927 utroque
802 890 918 929 porro
942 879 1079 918 evictio
1105 889 1215 927 prae-

92 947 215 987 standa
241 958 324 995 est,
353 947 414 988 sed
450 949 650 988 discrimen
684 949 724 987 in
761 960 807 987 eo
835 950 938 988 adest
961 977 975 997 ‚
1002 948 1108 997 quod
1129 948 1215 999 jure

92 1018 147 1058 R.
180 1019 232 1056 rei
264 1019 403 1057 alienae
439 1027 585 1066 emtor,
612 1028 809 1067 antequam
833 1030 892 1058 res
920 1019 1139 1067 evincatur,
1167 1028 1214 1057 ex

93 1098 193 1128 emto
230 1098 308 1127 turn
342 1091 489 1127 demum
516 1100 624 1137 agere
650 1097 807 1138 potest,
835 1089 861 1128 fi
894 1088 1069 1127 venditor
1093 1086 1213 1126 sciens

92 1168 168 1197 rem
201 1159 355 1196 alienam
380 1159 603 1197 vendiderit.
630 1158 658 1198 1.
687 1172 749 1208 30.
773 1158 817 1198 ff.
841 1160 887 1197 de
905 1167 980 1197 act.
1009 1157 1113 1197 emti.
1141 1158 1216 1198 Sed

90 1228 172 1277 iure
203 1228 346 1267 codicis
377 1237 497 1266 emtor
529 1239 635 1277 agere
677 1236 831 1277 potest,
870 1227 1010 1268 etiamfi
1041 1228 1217 1268 venditor

90 1299 131 1337 in
168 1298 267 1338 bona
301 1298 376 1337 fide
414 1298 557 1346 fuerit,
594 1306 792 1346 antequam
825 1308 885 1337 res
916 1299 1037 1338 evicta
1073 1297 1146 1348 fit,
1165 1306 1216 1337 ‘ut

93 1378 309 1408 contractus
348 1370 477 1408 nullus
499 1369 646 1407 dicatur
668 1368 754 1418 (1).

143 1440 215 1480 IV.
244 1440 404 1487 Restat,
431 1448 474 1478 ut
521 1439 640 1478 dicam
680 1440 726 1478 de
751 1447 885 1487 quarto
921 1439 1216 1479 conventionum

91 1511 296 1560 requifitO,
337 1511 382 1548 de
425 1510 556 1559 causa,
599 1521 682 1549 nam
731 1509 932 1548 secundum
981 1517 1053 1550 art.
1102 1521 1216 1560 1131.

92 1581 276 1629 obligatio
311 1579 386 1618 fine
423 1579 532 1618 causa
566 1590 631 1619 aut
667 1591 762 1629 quae
797 1580 932 1618 nititur
966 1579 1054 1619 falsa
1084 1579 1217 1630 causa,

92 1660 158 1691 aut
181 1651 286 1690 causa
311 1650 438 1689 illicita
452 1679 464 1698 ‚
493 1650 648 1689 effectus
671 1651 806 1690 habere
828 1651 975 1699 nequit.
1028 1651 1129 1690 Cum
1151 1661 1220 1690 ve-

93 1733 137 1760 ro
169 1722 302 1761 Codex
336 1721 411 1770 ipse
453 1732 530 1760 non
567 1721 764 1770 definivit,
793 1721 884 1770 quid
919 1720 963 1760 s1t
992 1719 1119 1769 causa,
1157 1732 1217 1761 req

94 1793 318 1831 currendum
347 1801 405 1830 est
430 1792 476 1829 ad
508 1790 652 1829 fontem
693 1793 791 1832 unde
829 1791 1040 1830 doctrinam
1066 1793 1112 1830 de
1148 1790 1218 1830 ob-

92 1859 336 1912 ligationibus
381 1863 586 1901 hauserunt
630 1871 801 1901 auctores
852 1862 994 1901 codicis
1014 1890 1028 1910 ‚
1081 1872 1218 1911 nempe

96 1931 144 1970 ad
178 1932 409 1972 Pothierium
439 1960 453 1980 ,
499 1944 609 1983 cujus
655 1933 880 1972 auctoritate
926 1932 1052 1971 causae
1094 1933 1219 1972 defec-

93 2009 176 2041 tum
213 2002 473 2041 conventionis
509 2003 642 2042 vitium
680 2004 867 2043 dixerunt.
933 2002 1002 2041 Ait
1045 2014 1135 2042 vero
1174 2002 1221 2042 il·

2 2053 3 2061 ἵ
31 2079 39 2087 “
96 2073 134 2111 le
167 2073 264 2123 (2),
318 2073 357 2111 in
394 2074 649 2113 contractibus
697 2075 851 2125 onerosts
893 2071 1039 2112 causam
1076 2073 1219 2129 obliga-

1143 2155 1218 2184 tlo-

96 2186 97 2189 ¹
136 2206 192 2244 (ι)
209 2207 281 2236 vid.
302 2208 615 2246 Duranton,l.1.
636 2211 686 2242 11⁹.
706 2217 762 2248 290
780 2210 827 2247 sq.
847 2211 916 2243 add.
932 2211 1147 2249 zacharia,
1164 2211 1218 2243 Μ.

101 2264 194 2293 Tom.
218 2274 245 2294 2-
265 2264 294 2300 §-
316 2273 384 2299 351.

141 2319 194 2357 (2)
215 2321 234 2348 1.
255 2320 277 2348 1.
297 2319 350 2348 η’).
372 2328 421 2358 4²·
444 2322 508 2359 sqq.
