<?xml version="1.0" encoding="UTF-8"?>
<!DOCTYPE html PUBLIC "-//W3C//DTD XHTML 1.0 Transitional//EN"
    "http://www.w3.org/TR/xhtml1/DTD/xhtml1-transitional.dtd">
<html xmlns="http://www.w3.org/1999/xhtml" xml:lang="en" lang="en">
 <head>
  <title>
</title>
<meta http-equiv="Content-Type" content="text/html;charset=utf-8" />
  <meta name='ocr-system' content='tesseract 3.04.00' />
  <meta name='ocr-capabilities' content='ocr_page ocr_carea ocr_par ocr_line ocrx_word'/>
</head>
<body>
  <div class='ocr_page' id='page_1' title='image "annalesacademiae29acad_0433.png"; bbox 0 0 1483 2860; ppageno 0'>
   <div class='ocr_carea' id='block_1_1' title="bbox 403 255 1216 303">
    <p class='ocr_par' dir='ltr' id='par_1_1' title="bbox 403 255 1216 303">
     <span class='ocr_line' id='line_1_1' title="bbox 403 255 1216 303; baseline -0.004 -5"><span class='ocrx_word' id='word_1_1' title='bbox 403 255 913 298; x_wconf 84' lang='lat' dir='ltr'>LITERARIA.</span> <span class='ocrx_word' id='word_1_2' title='bbox 1166 264 1216 303; x_wconf 83' lang='lat'><strong>25·</strong></span> 
     </span>
    </p>
   </div>
   <div class='ocr_carea' id='block_1_2' title="bbox 98 354 1230 1883">
    <p class='ocr_par' dir='ltr' id='par_1_2' title="bbox 98 354 1229 1463">
     <span class='ocr_line' id='line_1_2' title="bbox 103 354 1222 416; baseline -0.005 -9"><span class='ocrx_word' id='word_1_3' title='bbox 103 354 330 416; x_wconf 80' lang='lat' dir='ltr'><strong>tendebant,</strong></span> <span class='ocrx_word' id='word_1_4' title='bbox 360 377 401 407; x_wconf 89' lang='lat' dir='ltr'><strong>ut</strong></span> <span class='ocrx_word' id='word_1_5' title='bbox 433 367 688 415; x_wconf 75' lang='lat' dir='ltr'><strong>Inquifitionis</strong></span> <span class='ocrx_word' id='word_1_6' title='bbox 717 368 753 404; x_wconf 91' lang='lat' dir='ltr'><strong>vi</strong></span> <span class='ocrx_word' id='word_1_7' title='bbox 779 379 820 405; x_wconf 88' lang='lat' dir='ltr'><strong>ac</strong></span> <span class='ocrx_word' id='word_1_8' title='bbox 850 365 1069 405; x_wconf 82' lang='lat' dir='ltr'><strong>auctoritate</strong></span> <span class='ocrx_word' id='word_1_9' title='bbox 1098 365 1222 402; x_wconf 85' lang='lat' dir='ltr'><strong>haere-</strong></span> 
     </span>
     <span class='ocr_line' id='line_1_3' title="bbox 101 436 1224 486; baseline -0.005 -9"><span class='ocrx_word' id='word_1_10' title='bbox 101 438 148 478; x_wconf 86' lang='lat' dir='ltr'><strong>fis</strong></span> <span class='ocrx_word' id='word_1_11' title='bbox 172 439 428 485; x_wconf 82' lang='lat' dir='ltr'><strong>dirimeretur,</strong></span> <span class='ocrx_word' id='word_1_12' title='bbox 461 437 636 486; x_wconf 83' lang='lat' dir='ltr'><strong>regiaque</strong></span> <span class='ocrx_word' id='word_1_13' title='bbox 670 446 835 486; x_wconf 82' lang='lat' dir='ltr'><strong>potestas</strong></span> <span class='ocrx_word' id='word_1_14' title='bbox 864 436 976 474; x_wconf 86' lang='lat' dir='ltr'><strong>simul</strong></span> <span class='ocrx_word' id='word_1_15' title='bbox 1002 445 1224 483; x_wconf 81' lang='lat' dir='ltr'>magnopere</span> 
     </span>
     <span class='ocr_line' id='line_1_4' title="bbox 99 505 1226 560; baseline -0.004 -14"><span class='ocrx_word' id='word_1_16' title='bbox 99 509 400 556; x_wconf 84' lang='lat' dir='ltr'><strong>amplificaretur.</strong></span> <span class='ocrx_word' id='word_1_17' title='bbox 469 508 570 546; x_wconf 85' lang='lat' dir='ltr'>Huic</span> <span class='ocrx_word' id='word_1_18' title='bbox 610 508 707 556; x_wconf 83' lang='lat' dir='ltr'><strong>parti</strong></span> <span class='ocrx_word' id='word_1_19' title='bbox 744 506 778 546; x_wconf 88' lang='lat' dir='ltr'><strong>se</strong></span> <span class='ocrx_word' id='word_1_20' title='bbox 807 508 1046 557; x_wconf 78' lang='lat' dir='ltr'><strong>adjunxerant</strong></span> <span class='ocrx_word' id='word_1_21' title='bbox 1083 505 1193 543; x_wconf 84' lang='lat' dir='ltr'><strong>aulici</strong></span> <span class='ocrx_word' id='word_1_22' title='bbox 1211 539 1226 560; x_wconf 68' lang='lat'>⁹</span> 
     </span>
     <span class='ocr_line' id='line_1_5' title="bbox 100 574 1227 625; baseline -0.005 -9"><span class='ocrx_word' id='word_1_23' title='bbox 100 577 167 625; x_wconf 87' lang='lat' dir='ltr'><strong>qui</strong></span> <span class='ocrx_word' id='word_1_24' title='bbox 199 589 346 616; x_wconf 88' lang='lat' dir='ltr'><strong>omnem</strong></span> <span class='ocrx_word' id='word_1_25' title='bbox 380 577 561 615; x_wconf 84' lang='lat' dir='ltr'><strong>libertatis</strong></span> <span class='ocrx_word' id='word_1_26' title='bbox 597 576 737 615; x_wconf 84' lang='lat' dir='ltr'><strong>sensum</strong></span> <span class='ocrx_word' id='word_1_27' title='bbox 770 587 928 623; x_wconf 80' lang='lat' dir='ltr'><strong>exuere,</strong></span> <span class='ocrx_word' id='word_1_28' title='bbox 967 574 1227 612; x_wconf 83' lang='lat' dir='ltr'><strong>verecundiam</strong></span> 
     </span>
     <span class='ocr_line' id='line_1_6' title="bbox 100 643 1224 693; baseline -0.004 -8"><span class='ocrx_word' id='word_1_29' title='bbox 100 658 248 686; x_wconf 87' lang='lat' dir='ltr'><strong>omnem</strong></span> <span class='ocrx_word' id='word_1_30' title='bbox 268 660 309 686; x_wconf 91' lang='lat' dir='ltr'><strong>ac</strong></span> <span class='ocrx_word' id='word_1_31' title='bbox 335 647 580 686; x_wconf 78' lang='lat' dir='ltr'><strong>sinceritatem</strong></span> <span class='ocrx_word' id='word_1_32' title='bbox 598 647 720 684; x_wconf 83' lang='lat' dir='ltr'><strong>odisse</strong></span> <span class='ocrx_word' id='word_1_33' title='bbox 734 675 747 693; x_wconf 80' lang='lat'><strong>,</strong></span> <span class='ocrx_word' id='word_1_34' title='bbox 767 645 961 683; x_wconf 83' lang='lat' dir='ltr'><strong>mollitiem</strong></span> <span class='ocrx_word' id='word_1_35' title='bbox 979 672 991 690; x_wconf 90' lang='lat'><strong>,</strong></span> <span class='ocrx_word' id='word_1_36' title='bbox 1007 643 1224 693; x_wconf 83' lang='lat' dir='ltr'><strong>pravitatem·</strong></span> 
     </span>
     <span class='ocr_line' id='line_1_7' title="bbox 99 711 1229 765; baseline -0.004 -11"><span class='ocrx_word' id='word_1_37' title='bbox 99 726 141 754; x_wconf 88' lang='lat' dir='ltr'><strong>ac</strong></span> <span class='ocrx_word' id='word_1_38' title='bbox 170 717 399 765; x_wconf 89' lang='lat' dir='ltr'><strong>voluptatem</strong></span> <span class='ocrx_word' id='word_1_39' title='bbox 441 715 572 754; x_wconf 83' lang='lat' dir='ltr'><strong>virtuti</strong></span> <span class='ocrx_word' id='word_1_40' title='bbox 609 728 661 753; x_wconf 85' lang='lat' dir='ltr'><strong>ae·</strong></span> <span class='ocrx_word' id='word_1_41' title='bbox 687 714 863 763; x_wconf 70' lang='lat' dir='ltr'><strong>probitati</strong></span> <span class='ocrx_word' id='word_1_42' title='bbox 910 723 1135 762; x_wconf 84' lang='lat' dir='ltr'><strong>anteponere</strong></span> <span class='ocrx_word' id='word_1_43' title='bbox 1171 711 1229 749; x_wconf 89' lang='lat' dir='ltr'><strong>so-</strong></span> 
     </span>
     <span class='ocr_line' id='line_1_8' title="bbox 99 784 1227 835; baseline -0.004 -11"><span class='ocrx_word' id='word_1_44' title='bbox 99 787 193 824; x_wconf 87' lang='lat' dir='ltr'><strong>lent.</strong></span> <span class='ocrx_word' id='word_1_45' title='bbox 246 786 390 824; x_wconf 89' lang='lat' dir='ltr'><strong>Deinde</strong></span> <span class='ocrx_word' id='word_1_46' title='bbox 424 785 644 835; x_wconf 54' lang='lat' dir='ltr'><strong>huic&#39;parti</strong></span> <span class='ocrx_word' id='word_1_47' title='bbox 671 784 707 822; x_wconf 86' lang='lat' dir='ltr'><strong>se</strong></span> <span class='ocrx_word' id='word_1_48' title='bbox 739 784 929 822; x_wconf 80' lang='lat' dir='ltr'><strong>addixerat</strong></span> <span class='ocrx_word' id='word_1_49' title='bbox 964 792 1227 832; x_wconf 86' lang='lat' dir='ltr'><strong>protervorum</strong></span> 
     </span>
     <span class='ocr_line' id='line_1_9' title="bbox 100 851 1228 904; baseline -0.004 -11"><span class='ocrx_word' id='word_1_50' title='bbox 100 856 294 895; x_wconf 89' lang='lat' dir='ltr'><strong>hominum</strong></span> <span class='ocrx_word' id='word_1_51' title='bbox 337 857 474 904; x_wconf 87' lang='lat' dir='ltr'><strong>turba,</strong></span> <span class='ocrx_word' id='word_1_52' title='bbox 527 857 592 904; x_wconf 89' lang='lat' dir='ltr'><strong>qui</strong></span> <span class='ocrx_word' id='word_1_53' title='bbox 630 855 894 904; x_wconf 83' lang='lat' dir='ltr'><strong>patrimonium</strong></span> <span class='ocrx_word' id='word_1_54' title='bbox 931 853 1036 891; x_wconf 88' lang='lat' dir='ltr'><strong>suum</strong></span> <span class='ocrx_word' id='word_1_55' title='bbox 1074 851 1228 899; x_wconf 83' lang='lat' dir='ltr'><strong>disfipa-</strong></span> 
     </span>
     <span class='ocr_line' id='line_1_10' title="bbox 101 923 1229 973; baseline -0.003 -11"><span class='ocrx_word' id='word_1_56' title='bbox 101 935 231 963; x_wconf 87' lang='lat' dir='ltr'><strong>verant</strong></span> <span class='ocrx_word' id='word_1_57' title='bbox 260 934 374 973; x_wconf 88' lang='lat' dir='ltr'><strong>atque</strong></span> <span class='ocrx_word' id='word_1_58' title='bbox 409 937 590 964; x_wconf 85' lang='lat' dir='ltr'><strong>novarum</strong></span> <span class='ocrx_word' id='word_1_59' title='bbox 623 936 743 962; x_wconf 87' lang='lat' dir='ltr'><strong>rerum</strong></span> <span class='ocrx_word' id='word_1_60' title='bbox 771 924 976 972; x_wconf 87' lang='lat' dir='ltr'><strong>cupiditate</strong></span> <span class='ocrx_word' id='word_1_61' title='bbox 1003 923 1229 970; x_wconf 85' lang='lat' dir='ltr'><strong>flagrantes,</strong></span> 
     </span>
     <span class='ocr_line' id='line_1_11' title="bbox 102 992 1228 1044; baseline -0.003 -13"><span class='ocrx_word' id='word_1_62' title='bbox 102 994 264 1033; x_wconf 87' lang='lat' dir='ltr'><strong>honores</strong></span> <span class='ocrx_word' id='word_1_63' title='bbox 285 995 510 1043; x_wconf 78' lang='lat' dir='ltr'><strong>divitiasque</strong></span> <span class='ocrx_word' id='word_1_64' title='bbox 541 995 777 1044; x_wconf 81' lang='lat' dir='ltr'><strong>expetebant.</strong></span> <span class='ocrx_word' id='word_1_65' title='bbox 806 995 982 1041; x_wconf 86' lang='lat' dir='ltr'><strong>Denique</strong></span> <span class='ocrx_word' id='word_1_66' title='bbox 1005 992 1228 1039; x_wconf 82' lang='lat' dir='ltr'><strong>sequebatur</strong></span> 
     </span>
     <span class='ocr_line' id='line_1_12' title="bbox 98 1059 1229 1114; baseline -0.004 -12"><span class='ocrx_word' id='word_1_67' title='bbox 98 1065 264 1112; x_wconf 87' lang='lat' dir='ltr'><strong>vulgus,</strong></span> <span class='ocrx_word' id='word_1_68' title='bbox 291 1064 479 1114; x_wconf 87' lang='lat' dir='ltr'><strong>stupidum</strong></span> <span class='ocrx_word' id='word_1_69' title='bbox 493 1065 595 1102; x_wconf 88' lang='lat' dir='ltr'><strong>istud</strong></span> <span class='ocrx_word' id='word_1_70' title='bbox 622 1077 664 1102; x_wconf 85' lang='lat' dir='ltr'><strong>ac</strong></span> <span class='ocrx_word' id='word_1_71' title='bbox 686 1065 874 1102; x_wconf 84' lang='lat' dir='ltr'><strong>credulum</strong></span> <span class='ocrx_word' id='word_1_72' title='bbox 893 1091 906 1110; x_wconf 84' lang='lat'><strong>,</strong></span> <span class='ocrx_word' id='word_1_73' title='bbox 935 1062 1136 1101; x_wconf 86' lang='lat' dir='ltr'><strong>miserrima</strong></span> <span class='ocrx_word' id='word_1_74' title='bbox 1169 1059 1229 1098; x_wconf 90' lang='lat' dir='ltr'><strong>su-</strong></span> 
     </span>
     <span class='ocr_line' id='line_1_13' title="bbox 101 1119 1229 1185; baseline -0.004 -14"><span class='ocrx_word' id='word_1_75' title='bbox 101 1133 317 1182; x_wconf 86' lang='lat' dir='ltr'><strong>perstitione</strong></span> <span class='ocrx_word' id='word_1_76' title='bbox 340 1143 563 1182; x_wconf 84' lang='lat' dir='ltr'><strong>proreptum</strong></span> <span class='ocrx_word' id='word_1_77' title='bbox 581 1162 595 1181; x_wconf 88' lang='lat'><strong>,</strong></span> <span class='ocrx_word' id='word_1_78' title='bbox 620 1134 681 1171; x_wconf 89' lang='lat' dir='ltr'><strong>cui</strong></span> <span class='ocrx_word' id='word_1_79' title='bbox 720 1133 926 1185; x_wconf 84' lang='lat' dir='ltr'><strong>persuasum</strong></span> <span class='ocrx_word' id='word_1_80' title='bbox 954 1119 1065 1177; x_wconf 83' lang='lat' dir='ltr'><strong>erat,</strong></span> <span class='ocrx_word' id='word_1_81' title='bbox 1094 1129 1229 1180; x_wconf 87' lang='lat' dir='ltr'><strong>populi</strong></span> 
     </span>
     <span class='ocr_line' id='line_1_14' title="bbox 99 1200 1227 1252; baseline -0.004 -11"><span class='ocrx_word' id='word_1_82' title='bbox 99 1213 177 1241; x_wconf 90' lang='lat' dir='ltr'><strong>non</strong></span> <span class='ocrx_word' id='word_1_83' title='bbox 204 1203 281 1242; x_wconf 90' lang='lat' dir='ltr'><strong>esse</strong></span> <span class='ocrx_word' id='word_1_84' title='bbox 306 1203 405 1252; x_wconf 83' lang='lat' dir='ltr'><strong>regis</strong></span> <span class='ocrx_word' id='word_1_85' title='bbox 432 1203 584 1242; x_wconf 80' lang='lat' dir='ltr'><strong>consilia</strong></span> <span class='ocrx_word' id='word_1_86' title='bbox 613 1212 649 1240; x_wconf 89' lang='lat' dir='ltr'><strong>et</strong></span> <span class='ocrx_word' id='word_1_87' title='bbox 679 1203 777 1241; x_wconf 85' lang='lat' dir='ltr'><strong>facta</strong></span> <span class='ocrx_word' id='word_1_88' title='bbox 803 1202 1035 1251; x_wconf 67' lang='lat' dir='ltr'><strong>dijudicare,</strong></span> <span class='ocrx_word' id='word_1_89' title='bbox 1066 1200 1227 1238; x_wconf 90' lang='lat' dir='ltr'><strong>Ordines</strong></span> 
     </span>
     <span class='ocr_line' id='line_1_15' title="bbox 99 1269 1229 1323; baseline -0.005 -11"><span class='ocrx_word' id='word_1_90' title='bbox 99 1283 177 1311; x_wconf 90' lang='lat' dir='ltr'><strong>non</strong></span> <span class='ocrx_word' id='word_1_91' title='bbox 214 1283 388 1323; x_wconf 86' lang='lat' dir='ltr'><strong>oportere</strong></span> <span class='ocrx_word' id='word_1_92' title='bbox 426 1273 472 1311; x_wconf 90' lang='lat' dir='ltr'><strong>de</strong></span> <span class='ocrx_word' id='word_1_93' title='bbox 503 1271 654 1310; x_wconf 85' lang='lat' dir='ltr'><strong>summis</strong></span> <span class='ocrx_word' id='word_1_94' title='bbox 697 1271 808 1309; x_wconf 86' lang='lat' dir='ltr'><strong>rebus</strong></span> <span class='ocrx_word' id='word_1_95' title='bbox 853 1270 1081 1317; x_wconf 83' lang='lat' dir='ltr'><strong>deliberare,</strong></span> <span class='ocrx_word' id='word_1_96' title='bbox 1129 1269 1229 1318; x_wconf 83' lang='lat' dir='ltr'><strong>regis</strong></span> 
     </span>
     <span class='ocr_line' id='line_1_16' title="bbox 99 1340 1228 1392; baseline -0.003 -10"><span class='ocrx_word' id='word_1_97' title='bbox 99 1343 247 1382; x_wconf 84' lang='lat' dir='ltr'><strong>decreta</strong></span> <span class='ocrx_word' id='word_1_98' title='bbox 277 1343 489 1392; x_wconf 86' lang='lat' dir='ltr'><strong>improbare</strong></span> <span class='ocrx_word' id='word_1_99' title='bbox 531 1351 644 1391; x_wconf 87' lang='lat' dir='ltr'><strong>atque</strong></span> <span class='ocrx_word' id='word_1_100' title='bbox 677 1342 722 1380; x_wconf 93' lang='lat' dir='ltr'><strong>de</strong></span> <span class='ocrx_word' id='word_1_101' title='bbox 760 1341 986 1390; x_wconf 81' lang='lat' dir='ltr'><strong>reipublicae</strong></span> <span class='ocrx_word' id='word_1_102' title='bbox 1006 1340 1156 1391; x_wconf 77' lang='lat' dir='ltr'><strong>J&#39;uribus</strong></span> <span class='ocrx_word' id='word_1_103' title='bbox 1185 1351 1228 1379; x_wconf 81' lang='lat' dir='ltr'><strong>ac</strong></span> 
     </span>
     <span class='ocr_line' id='line_1_17' title="bbox 99 1412 622 1463; baseline 0.002 -12"><span class='ocrx_word' id='word_1_104' title='bbox 99 1413 307 1463; x_wconf 88' lang='lat' dir='ltr'><strong>privilegiis</strong></span> <span class='ocrx_word' id='word_1_105' title='bbox 322 1412 504 1452; x_wconf 86' lang='lat' dir='ltr'><strong>sollicitos</strong></span> <span class='ocrx_word' id='word_1_106' title='bbox 530 1414 622 1453; x_wconf 85' lang='lat' dir='ltr'><strong>esse.</strong></span> 
     </span>
    </p>

    <p class='ocr_par' dir='ltr' id='par_1_3' title="bbox 98 1482 1230 1883">
     <span class='ocr_line' id='line_1_18' title="bbox 151 1482 1229 1534; baseline -0.004 -12"><span class='ocrx_word' id='word_1_107' title='bbox 151 1485 280 1523; x_wconf 87' lang='lat' dir='ltr'><strong>Altera</strong></span> <span class='ocrx_word' id='word_1_108' title='bbox 314 1495 430 1532; x_wconf 88' lang='lat' dir='ltr'><strong>pars,</strong></span> <span class='ocrx_word' id='word_1_109' title='bbox 469 1485 578 1534; x_wconf 82' lang='lat' dir='ltr'><strong>cujus</strong></span> <span class='ocrx_word' id='word_1_110' title='bbox 618 1483 794 1532; x_wconf 86' lang='lat' dir='ltr'><strong>Princeps</strong></span> <span class='ocrx_word' id='word_1_111' title='bbox 835 1491 872 1520; x_wconf 90' lang='lat' dir='ltr'><strong>et</strong></span> <span class='ocrx_word' id='word_1_112' title='bbox 909 1482 1120 1520; x_wconf 82' lang='lat' dir='ltr'><strong>moderator</strong></span> <span class='ocrx_word' id='word_1_113' title='bbox 1151 1489 1229 1519; x_wconf 87' lang='lat' dir='ltr'><strong>erat</strong></span> 
     </span>
     <span class='ocr_line' id='line_1_19' title="bbox 100 1551 1230 1602; baseline -0.004 -9"><span class='ocrx_word' id='word_1_114' title='bbox 100 1554 407 1594; x_wconf 87' lang='lat' dir='ltr'><strong>Gulielmus</strong></span> <span class='ocrx_word' id='word_1_115' title='bbox 445 1553 577 1592; x_wconf 86' lang='lat' dir='ltr'><strong>melius</strong></span> <span class='ocrx_word' id='word_1_116' title='bbox 614 1553 890 1602; x_wconf 83' lang='lat' dir='ltr'><strong>perspiciebat,</strong></span> <span class='ocrx_word' id='word_1_117' title='bbox 931 1553 975 1589; x_wconf 88' lang='lat' dir='ltr'><strong>ad</strong></span> <span class='ocrx_word' id='word_1_118' title='bbox 1012 1551 1152 1600; x_wconf 84' lang='lat' dir='ltr'><strong>patriae</strong></span> <span class='ocrx_word' id='word_1_119' title='bbox 1178 1551 1230 1589; x_wconf 89' lang='lat' dir='ltr'><strong>sa-</strong></span> 
     </span>
     <span class='ocr_line' id='line_1_20' title="bbox 99 1621 1229 1671; baseline -0.005 -8"><span class='ocrx_word' id='word_1_120' title='bbox 99 1625 215 1663; x_wconf 87' lang='lat' dir='ltr'><strong>lutem</strong></span> <span class='ocrx_word' id='word_1_121' title='bbox 255 1624 411 1662; x_wconf 87' lang='lat' dir='ltr'><strong>omnino</strong></span> <span class='ocrx_word' id='word_1_122' title='bbox 448 1624 596 1662; x_wconf 85' lang='lat' dir='ltr'><strong>necesse</strong></span> <span class='ocrx_word' id='word_1_123' title='bbox 635 1623 732 1670; x_wconf 80' lang='lat' dir='ltr'><strong>esse,</strong></span> <span class='ocrx_word' id='word_1_124' title='bbox 786 1631 831 1660; x_wconf 89' lang='lat' dir='ltr'><strong>ut</strong></span> <span class='ocrx_word' id='word_1_125' title='bbox 867 1623 951 1671; x_wconf 83' lang='lat' dir='ltr'><strong>J&#39;ura</strong></span> <span class='ocrx_word' id='word_1_126' title='bbox 992 1629 1029 1659; x_wconf 90' lang='lat' dir='ltr'><strong>et</strong></span> <span class='ocrx_word' id='word_1_127' title='bbox 1076 1621 1229 1670; x_wconf 86' lang='lat' dir='ltr'><strong>privile-</strong></span> 
     </span>
     <span class='ocr_line' id='line_1_21' title="bbox 98 1690 1229 1743; baseline -0.003 -12"><span class='ocrx_word' id='word_1_128' title='bbox 98 1694 160 1743; x_wconf 87' lang='lat' dir='ltr'><strong>gia</strong></span> <span class='ocrx_word' id='word_1_129' title='bbox 206 1703 376 1732; x_wconf 87' lang='lat' dir='ltr'><strong>accurate</strong></span> <span class='ocrx_word' id='word_1_130' title='bbox 414 1694 669 1739; x_wconf 82' lang='lat' dir='ltr'><strong>servarentur,</strong></span> <span class='ocrx_word' id='word_1_131' title='bbox 711 1694 884 1740; x_wconf 83' lang='lat' dir='ltr'><strong>Regique</strong></span> <span class='ocrx_word' id='word_1_132' title='bbox 923 1690 1117 1738; x_wconf 81' lang='lat' dir='ltr'><strong>absoluta,</strong></span> <span class='ocrx_word' id='word_1_133' title='bbox 1143 1692 1229 1729; x_wconf 88' lang='lat' dir='ltr'><strong>nul-</strong></span> 
     </span>
     <span class='ocr_line' id='line_1_22' title="bbox 98 1763 1225 1812; baseline -0.001 -11"><span class='ocrx_word' id='word_1_134' title='bbox 98 1764 146 1802; x_wconf 87' lang='lat' dir='ltr'><strong>lis</strong></span> <span class='ocrx_word' id='word_1_135' title='bbox 194 1763 377 1802; x_wconf 87' lang='lat' dir='ltr'><strong>limitibus</strong></span> <span class='ocrx_word' id='word_1_136' title='bbox 425 1763 702 1812; x_wconf 84' lang='lat' dir='ltr'><strong>circumscripta</strong></span> <span class='ocrx_word' id='word_1_137' title='bbox 729 1792 743 1810; x_wconf 90' lang='lat'><strong>,</strong></span> <span class='ocrx_word' id='word_1_138' title='bbox 803 1770 970 1812; x_wconf 87' lang='lat' dir='ltr'><strong>potestas</strong></span> <span class='ocrx_word' id='word_1_139' title='bbox 1016 1769 1225 1810; x_wconf 83' lang='lat' dir='ltr'><strong>negaretur.</strong></span> 
     </span>
     <span class='ocr_line' id='line_1_23' title="bbox 98 1830 1228 1883; baseline -0.004 -10"><span class='ocrx_word' id='word_1_140' title='bbox 98 1833 287 1873; x_wconf 77' lang='lat' dir='ltr'><strong>Praeclare</strong></span> <span class='ocrx_word' id='word_1_141' title='bbox 339 1834 596 1883; x_wconf 75' lang='lat' dir='ltr'><strong>intelligebat,</strong></span> <span class='ocrx_word' id='word_1_142' title='bbox 649 1834 773 1872; x_wconf 88' lang='lat' dir='ltr'><strong>omnia</strong></span> <span class='ocrx_word' id='word_1_143' title='bbox 817 1832 854 1870; x_wconf 90' lang='lat' dir='ltr'><strong>in</strong></span> <span class='ocrx_word' id='word_1_144' title='bbox 894 1833 1002 1881; x_wconf 88' lang='lat' dir='ltr'><strong>pejus</strong></span> <span class='ocrx_word' id='word_1_145' title='bbox 1035 1831 1159 1878; x_wconf 86' lang='lat' dir='ltr'><strong>verti,</strong></span> <span class='ocrx_word' id='word_1_146' title='bbox 1200 1830 1228 1869; x_wconf 88' lang='lat' dir='ltr'><strong>fi</strong></span> 
     </span>
    </p>
   </div>
   <div class='ocr_carea' id='block_1_3' title="bbox 57 1900 1228 1953">
    <p class='ocr_par' dir='ltr' id='par_1_4' title="bbox 57 1900 1228 1953">
     <span class='ocr_line' id='line_1_24' title="bbox 57 1900 1228 1953; baseline -0.006 -9"><span class='ocrx_word' id='word_1_147' title='bbox 57 1931 60 1935; x_wconf 90' lang='lat'><em>-</em></span> <span class='ocrx_word' id='word_1_148' title='bbox 99 1903 297 1952; x_wconf 86' lang='lat' dir='ltr'><strong>Inquifitio</strong></span> <span class='ocrx_word' id='word_1_149' title='bbox 318 1903 439 1942; x_wconf 85' lang='lat' dir='ltr'><strong>acrius</strong></span> <span class='ocrx_word' id='word_1_150' title='bbox 466 1911 674 1953; x_wconf 85' lang='lat' dir='ltr'><strong>urgeretur.</strong></span> <span class='ocrx_word' id='word_1_151' title='bbox 739 1901 892 1941; x_wconf 86' lang='lat' dir='ltr'><strong>Etenim</strong></span> <span class='ocrx_word' id='word_1_152' title='bbox 926 1900 1228 1948; x_wconf 84' lang='lat' dir='ltr'><strong>haereticorum,</strong></span> 
     </span>
    </p>
   </div>
   <div class='ocr_carea' id='block_1_4' title="bbox 100 1971 1228 2366">
    <p class='ocr_par' dir='ltr' id='par_1_5' title="bbox 100 1971 1228 2302">
     <span class='ocr_line' id='line_1_25' title="bbox 100 1971 1228 2020; baseline -0.005 -7"><span class='ocrx_word' id='word_1_153' title='bbox 100 1974 158 2014; x_wconf 90' lang='lat' dir='ltr'><strong>uti</strong></span> <span class='ocrx_word' id='word_1_154' title='bbox 195 1973 454 2020; x_wconf 86' lang='lat' dir='ltr'><strong>vocabantur,</strong></span> <span class='ocrx_word' id='word_1_155' title='bbox 487 1983 665 2011; x_wconf 88' lang='lat' dir='ltr'><strong>numerus</strong></span> <span class='ocrx_word' id='word_1_156' title='bbox 701 1972 739 2010; x_wconf 89' lang='lat' dir='ltr'><strong>in</strong></span> <span class='ocrx_word' id='word_1_157' title='bbox 771 1971 850 2010; x_wconf 90' lang='lat' dir='ltr'><strong>dies</strong></span> <span class='ocrx_word' id='word_1_158' title='bbox 888 1971 1122 2019; x_wconf 82' lang='lat' dir='ltr'><strong>augebatur,</strong></span> <span class='ocrx_word' id='word_1_159' title='bbox 1163 1981 1228 2008; x_wconf 89' lang='lat' dir='ltr'><strong>ne-</strong></span> 
     </span>
     <span class='ocr_line' id='line_1_26' title="bbox 101 2038 1228 2092; baseline -0.002 -10"><span class='ocrx_word' id='word_1_160' title='bbox 101 2055 176 2092; x_wconf 88' lang='lat' dir='ltr'><strong>que</strong></span> <span class='ocrx_word' id='word_1_161' title='bbox 222 2055 270 2082; x_wconf 80' lang='lat' dir='ltr'><strong>ex</strong></span> <span class='ocrx_word' id='word_1_162' title='bbox 309 2038 447 2082; x_wconf 65' lang='lat' dir='ltr'><strong>&#39;infima</strong></span> <span class='ocrx_word' id='word_1_163' title='bbox 478 2042 592 2081; x_wconf 89' lang='lat' dir='ltr'><strong>classe</strong></span> <span class='ocrx_word' id='word_1_164' title='bbox 627 2043 801 2080; x_wconf 85' lang='lat' dir='ltr'><strong>homines</strong></span> <span class='ocrx_word' id='word_1_165' title='bbox 839 2049 1016 2088; x_wconf 82' lang='lat' dir='ltr'><strong>tantum,</strong></span> <span class='ocrx_word' id='word_1_166' title='bbox 1069 2039 1132 2079; x_wconf 87' lang='lat' dir='ltr'><strong>sed</strong></span> <span class='ocrx_word' id='word_1_167' title='bbox 1164 2041 1228 2083; x_wconf 69' lang='lat' dir='ltr'><strong>,in-</strong></span> 
     </span>
     <span class='ocr_line' id='line_1_27' title="bbox 101 2110 1223 2163; baseline -0.002 -12"><span class='ocrx_word' id='word_1_168' title='bbox 101 2114 234 2163; x_wconf 88' lang='lat' dir='ltr'><strong>primis</strong></span> <span class='ocrx_word' id='word_1_169' title='bbox 280 2114 445 2163; x_wconf 86' lang='lat' dir='ltr'><strong>optimos</strong></span> <span class='ocrx_word' id='word_1_170' title='bbox 491 2113 593 2152; x_wconf 90' lang='lat' dir='ltr'><strong>cives</strong></span> <span class='ocrx_word' id='word_1_171' title='bbox 642 2122 756 2160; x_wconf 88' lang='lat' dir='ltr'><strong>atque</strong></span> <span class='ocrx_word' id='word_1_172' title='bbox 804 2112 991 2161; x_wconf 82' lang='lat' dir='ltr'><strong>ingentem</strong></span> <span class='ocrx_word' id='word_1_173' title='bbox 1037 2110 1223 2149; x_wconf 88' lang='lat' dir='ltr'><strong>nobilium</strong></span> 
     </span>
     <span class='ocr_line' id='line_1_28' title="bbox 103 2181 1226 2234; baseline -0.004 -12"><span class='ocrx_word' id='word_1_174' title='bbox 103 2191 242 2233; x_wconf 84' lang='lat' dir='ltr'><strong>partem</strong></span> <span class='ocrx_word' id='word_1_175' title='bbox 276 2184 608 2233; x_wconf 86' lang='lat' dir='ltr'><strong>complectebatur.</strong></span> <span class='ocrx_word' id='word_1_176' title='bbox 674 2182 779 2234; x_wconf 88' lang='lat' dir='ltr'><strong>Qui,</strong></span> <span class='ocrx_word' id='word_1_177' title='bbox 815 2181 841 2220; x_wconf 84' lang='lat' dir='ltr'><strong>fi</strong></span> <span class='ocrx_word' id='word_1_178' title='bbox 878 2192 1008 2220; x_wconf 89' lang='lat' dir='ltr'><strong>omnes</strong></span> <span class='ocrx_word' id='word_1_179' title='bbox 1044 2181 1090 2219; x_wconf 87' lang='lat' dir='ltr'><strong>ad</strong></span> <span class='ocrx_word' id='word_1_180' title='bbox 1126 2189 1226 2218; x_wconf 87' lang='lat' dir='ltr'><strong>atro·</strong></span> 
     </span>
     <span class='ocr_line' id='line_1_29' title="bbox 105 2251 1224 2302; baseline -0.004 -10"><span class='ocrx_word' id='word_1_181' title='bbox 105 2252 290 2297; x_wconf 63' lang='lat' dir='ltr'><strong>tissimum</strong></span> <span class='ocrx_word' id='word_1_182' title='bbox 346 2253 603 2302; x_wconf 82' lang='lat' dir='ltr'><strong>Inquifitlonis</strong></span> <span class='ocrx_word' id='word_1_183' title='bbox 656 2253 819 2292; x_wconf 82' lang='lat' dir='ltr'><strong>tribunal</strong></span> <span class='ocrx_word' id='word_1_184' title='bbox 877 2251 1183 2301; x_wconf 89' lang='lat' dir='ltr'><strong>protraherentur</strong></span> <span class='ocrx_word' id='word_1_185' title='bbox 1210 2278 1224 2297; x_wconf 92' lang='lat'><strong>,</strong></span> 
     </span>
    </p>

    <p class='ocr_par' dir='ltr' id='par_1_6' title="bbox 1128 2331 1228 2366">
     <span class='ocr_line' id='line_1_30' title="bbox 1128 2331 1228 2366; baseline 0.02 -2"><span class='ocrx_word' id='word_1_186' title='bbox 1128 2331 1228 2366; x_wconf 61' lang='lat' dir='ltr'><strong>mag-</strong></span> 
     </span>
    </p>
   </div>
  </div>
 </body>
</html>
