1483 2860
251 247 302 294 78
470 240 1144 286 COMMENTATIO

770 401 809 448 §.
854 411 919 449 23.

303 547 402 585 Cum
427 545 606 584 foederati
628 545 798 594 quotidie
823 556 981 586 numero
1004 555 1041 585 et
1066 545 1235 596 potentia
1271 555 1373 595 cres-

253 624 381 655 cerent
415 625 452 655 et
477 616 620 664 ubique
646 618 831 655 tumultus
858 615 1142 664 suborirentur,
1170 616 1372 663 Marga-

254 685 357 726 rita
393 686 432 725 in
478 698 544 724 eos
597 698 697 725 arma
726 695 945 725 convertere
985 686 1164 726 decrevit.
1241 685 1376 734 Itaque

257 756 459 799 exercitum
482 756 674 804 congesfit
686 785 700 806 ‚
713 757 776 795 cui
802 758 839 796 A
853 768 872 795 r
884 768 949 795 em
961 755 984 794 b
998 767 1084 805 erg
1098 768 1124 795 u
1138 767 1176 794 m
1188 783 1203 804 ,
1216 755 1296 796 Me
1309 765 1385 804 ge-

257 837 393 874 num,
420 827 459 866 G
476 829 528 865 ul
544 828 743 866 ielmum
771 827 943 875 aliosque
965 824 1195 875 praeposuit.
1233 825 1377 865 Foede·

257 897 329 935 rati
368 909 523 944 quoque
552 896 682 945 copias
708 906 926 935 contraxere
950 904 988 934 et
1020 896 1067 934 M
1082 894 1289 945 argarit
1305 905 1378 933 am

259 966 446 1004 debellare
470 966 698 1017 cogitarunt.
749 967 805 1006 Ita
836 965 1027 1014 utrimque
1051 964 1191 1004 bellum
1227 974 1382 1014 compa·

261 1044 381 1074 ratum
422 1044 480 1075 est
508 1045 546 1075 et
586 1037 700 1076 variis
724 1035 764 1075 in
789 1036 885 1076 locis
922 1035 1025 1076 varia
1061 1034 1216 1076 fortuna
1237 1045 1384 1086 pugna-

261 1113 344 1144 tum
371 1114 444 1145 est.

305 1175 466 1224 Janus
492 1188 513 1215 a
535 1175 741 1216 Marnix
769 1174 1067 1216 Tholousii
1101 1175 1277 1216 dominus
1302 1175 1382 1216 sex-

262 1253 459 1284 centorum
488 1245 567 1284 fere
602 1246 761 1285 militum
787 1257 899 1284 manu
927 1245 1163 1285 Wanacriam
1196 1244 1265 1285 fibi
1298 1243 1386 1284 sub-

261 1316 375 1364 jicere
400 1316 640 1356 moliebatur.
691 1317 735 1355 In
760 1315 891 1355 itinere
923 1326 1014 1355 vero
1050 1314 1208 1355 nuntius
1255 1314 1291 1354 ei
1327 1312 1384 1353 af-

266 1384 386 1424 fertur
402 1415 416 1435 ‚
458 1385 614 1425 insulam
663 1398 684 1425 a
717 1385 828 1435 regiis
869 1385 991 1435 copiis
1033 1394 1252 1435 occupatam
1291 1384 1386 1424 esse.

264 1456 397 1505 Itaque
447 1456 636 1495 couverfis
677 1454 836 1495 navibus
874 1455 1119 1505 Antverpiatn
1168 1453 1306 1504 petivit
1349 1462 1389 1493 et

268 1526 368 1565 haud
401 1527 537 1575 procul
574 1528 620 1566 ab
655 1526 748 1566 urbe
778 1527 817 1565 in
841 1537 940 1576 pago
973 1525 1248 1575 AusterveIIia,
1274 1526 1391 1576 majo·

270 1608 348 1634 rem
367 1597 572 1635 exercitum
595 1594 879 1646 comparaturuz
894 1624 909 1645 ‚
935 1605 1058 1636 castra
1092 1595 1236 1645 posuit.
1280 1594 1389 1635 Con-

271 1674 329 1704 tra
354 1667 454 1704 hunc
487 1667 791 1717 Philippum
832 1668 1086 1717 Lanojum
1132 1666 1393 1706 Beauvoi-

274 1735 341 1773 sii
364 1736 557 1775 dominum
585 1736 684 1776 mifit
711 1735 1025 1786 Margarita.
1060 1735 1141 1787 Qui
1165 1736 1277 1775 tertio
1303 1737 1393 1777 Idus

275 1805 433 1843 Martias
469 1818 502 1847 a.
540 1809 640 1854 1567
672 1818 758 1845 cum
810 1807 1112 1846 Tholousio
1164 1807 1386 1857 congressus

277 1882 399 1912 totum
439 1877 518 1925 ejus
554 1876 755 1914 exercitum
778 1875 1008 1925 profligavit.
1063 1876 1399 1917 Tholousius

278 1943 315 1982 se
348 1944 386 1981 in
414 1946 565 1983 domum
592 1947 775 1994 quandam
802 1947 942 1996 recepit
967 1959 1010 1985 ac
1037 1958 1123 1986 cum
1156 1948 1285 1996 paucis
1308 1958 1401 1987 con-

281 2022 338 2053 tra
367 2014 535 2053 hostium
570 2015 731 2064 impetus
772 2016 809 2055 se
846 2016 996 2056 fortiter
1033 2017 1213 2058 defendit.
1269 2019 1400 2070 Quum
1454 2058 1464 2065 ,

280 2096 346 2123 eos
379 2096 446 2123 nec
482 2086 663 2133 depellere
701 2097 824 2134 neque
848 2087 893 2126 ad
930 2099 1093 2137 pugnam
1120 2089 1252 2128 elicere
1276 2088 1403 2138 posset

284 2153 638 2194 Beauvoisius
671 2158 864 2197 castellum
901 2157 1074 2210 incendio
1121 2158 1241 2198 delere
1277 2160 1402 2198 decre·

272 2224 355 2277 7νίῖ.
383 2224 612 2264 Inflammato
649 2226 845 2275 aedificio,
880 2240 963 2277 pars
980 2240 1149 2279 (eorum,
1177 2228 1244 2278 qui
1263 2228 1407 2268 inerant

281 2293 493 2333 constrictis
529 2295 659 2345 gladiis
693 2296 729 2335 se
770 2297 912 2337 medios
953 2297 992 2338 in
1030 2298 1161 2339 hostes
1194 2298 1323 2349 injecit
1358 2297 1406 2336 fi·

1349 2366 1408 2406 bi-
