1483 2860
277 273 347 311 144
508 260 1177 303 COMMENTATIO

273 379 405 420 tasque
442 380 479 409 et
519 382 649 410 omnes
682 371 720 409 in
755 381 883 419 pacem
919 370 1153 409 vehementer
1184 371 1394 420 propende·

266 441 370 479 bant.

319 509 453 547 Omnia
491 509 591 547 bona
639 518 674 547 et
714 510 899 558 praeclara
937 510 982 548 de
1039 508 1385 557 Requesenio

266 578 466 627 praedicari
507 579 724 618 audiverant
774 589 810 618 et
855 579 893 617 in
932 578 1030 627 spem
1068 577 1219 617 adducti
1269 577 1384 624 sunt,

267 649 492 698 reipublicae
527 648 657 687 statum
674 677 687 696 ‚
716 650 789 688 hoc
816 648 1094 698 gubernatore,
1121 647 1313 686 meliorem
1351 655 1388 686 et

262 719 554 768 tranquilliorem
584 717 775 757 evasurum
801 718 892 758 esse.
946 719 1045 757 Mox
1075 729 1165 757 vero
1186 717 1387 767 apparuit,

265 801 347 828 eum
385 789 578 828 ferocitate
611 789 762 837 quidem
789 788 994 827 Albano
1021 787 1234 835 minorem,
1263 786 1386 825 consi-

265 859 324 898 liis
356 869 477 897 autem
518 860 615 898 haud
650 859 864 897 disfimilem
887 858 980 896 esse.

316 930 514 968 Hollandia
536 938 572 967 et
600 928 797 967 Zeelandia
816 928 1025 966 libertatem
1053 927 1164 965 unice
1195 925 1387 965 vindican-

263 1009 342 1048 tes,
380 999 548 1055 undique
585 1012 604 1038 a
635 997 896 1049 potentissimo
925 998 1036 1036 hoste
1069 997 1263 1045 obsessae,
1303 1005 1384 1036 tan·

266 1062 349 1109 tam'
374 1070 452 1110 vim
488 1071 664 1120 repellere
694 1070 804 1118 posse
829 1069 896 1108 vix
930 1068 1178 1125 videbantur.
1241 1067 1382 1105 Verum

264 1140 571 1193 Gulielmusl
599 1139 726 1194 diviniv
750 1139 890 1189 ingenii
923 1137 1191 1186 singularisque
1219 1136 1389 1176 constan-

262 1212 336 1250 tiae
376 1212 462 1258 vir⁹
513 1211 573 1249 his
611 1209 818 1259 provinciis
856 1207 1088 1258 praepositus
1126 1217 1214 1246 erat.
1279 1206 1384 1252 Hic,

266 1283 354 1320 mira
390 1282 615 1330 prudentia,
642 1292 789 1329 parvam
822 1280 920 1317 illam
960 1277 1079 1316 veluti
1118 1276 1382 1325 rempublicam

265 1351 524 1390 moderabatur
549 1360 660 1399 atque
696 1348 876 1389 indefessa
905 1349 1084 1387 industria
1123 1359 1164 1386 ac
1193 1347 1384 1395 vigilantia

265 1410 615 1469 circumspiciebat,
643 1420 739 1458 unde
769 1419 949 1458 auxilium
977 1427 1120 1467 peteret
1160 1426 1195 1455 et
1224 1427 1381 1466 quanam

265 1493 410 1531 ratione
440 1493 622 1530 labentem
653 1489 810 1538 patriam
845 1488 1010 1527 fulciret.

314 1563 510 1610 Belgarum
550 1560 756 1608 potentiam
801 1568 837 1597 et
871 1557 1127 1596 fortitudinem
1168 1556 1245 1595 fere
1285 1555 1389 1593 omni

263 1643 433 1680 tempore
468 1631 507 1669 in
541 1629 778 1678 navigatione
815 1638 851 1667 et
879 1629 977 1667 bello
1011 1628 1197 1666 maritimo
1237 1626 1384 1675 conspi-

264 1715 353 1741 cuas
387 1701 526 1749 fuisse,
552 1711 662 1739 nemo
688 1702 836 1748 ignorat
853 1728 866 1748 ,
894 1698 961 1738 nisl
990 1699 1055 1747 qui
1080 1709 1228 1736 omnem
1247 1696 1387 1746 patriae

265 1766 457 1811 historiam
492 1772 653 1820 ignoret.
724 1770 850 1820 Quare
886 1780 963 1807 non
1003 1769 1136 1807 mirum
1169 1778 1253 1816 est,
1294 1768 1388 1807 Gu-

265 1843 522 1890 lielmum‚
549 1841 617 1890 qui
643 1840 840 1889 Belgarum
861 1839 1024 1878 indolem
1040 1867 1054 1886 ‚
1081 1838 1337 1877 conditionem
1354 1847 1390 1877 et

252 1913 363 1966 ugvires
407 1911 574 1959 omnium
615 1911 758 1960 optime
794 1908 1054 1958 perspexerat,
1094 1919 1242 1946 ornnem
1287 1906 1387 1947 suam

264 1984 362 2035 spem
403 1982 440 2021 in
466 1982 615 2031 classem
661 1978 874 2020 contulisse.
938 1980 979 2017 In
1022 1979 1218 2018 Zeelandia
1253 1979 1388 2018 multas

256 2067 381 2097 vnaves
420 2052 604 2098 armavit,
632 2050 772 2100 quibus
820 2049 1078 2097 Hispanorum
1125 2048 1295 2087 dominio
1331 2048 1388 2088 in·

265 2125 366 2176 signe
389 2124 562 2163 damnum
580 2121 720 2167 attulit.
777 2121 900 2159 Tanta
923 2122 1018 2158 enini
1046 2120 1266 2159 Zeelandiae
1294 2121 1389 2158 clas-

256 2195 313 2239 [ιε
350 2193 706 2241 virtutepollebat,
734 2199 774 2228 ut
815 2190 1006 2239 Hispanos
1040 2190 1255 2239 ingentibus
1281 2188 1386 2239 saepe

265 2263 435 2302 cladibus
456 2251 618 2312 'afficeret
649 2261 833 2309 marisque
862 2260 1060 2309 ‚imperium
1099 2259 1167 2298 fibi
1197 2271 1390 2308 compara·

268 2343 341 2373 ret.
409 2333 534 2384 Huius
568 2331 624 2384 rei
661 2342 726 2380 per
766 2331 868 2379 hoc,
901 2329 1005 2379 quod
1049 2340 1148 2369 nunc
1189 2330 1390 2378 investiga-

1311 2410 1392 2440 mus
