1483 2860
341 191 1022 238 MATHEMArrcA.
1186 203 1241 253 σς

124 308 161 339 et
183 308 373 349 praeterea
407 302 602 352 conditio,
626 302 691 342 cui
705 331 719 352 ,
745 313 790 343 ut
820 312 1017 345 contactus
1041 307 1151 356 primi
1172 319 1236 349 or-

116 369 215 409 dinis
236 371 333 411 inter
359 381 498 412 rectam
523 381 562 411 et
596 384 747 414 curvam
782 374 958 426 exsistat,
984 374 1151 417 satisfieri
1170 379 1235 419 de·

116 437 209 490 bet,
246 450 303 480 est
320 442 410 491 ina,
437 453 512 492 qua

213 535 478 641 ἓξὲξ-α
586 538 763 643 ειζ-Ξ-
759 541 951 645 Ξεῡ.
983 601 995 614 .
1029 602 1041 614 .
1069 576 1158 628 ,(2)

111 694 154 734 Si
176 706 250 745 ope
267 697 400 737 harum
421 698 686 748 aequationum
716 700 788 752 (1)
814 711 851 741 et
872 703 943 754 (α)
968 715 1014 745 ex
1037 705 1233 754 aequatio-

111 763 226 804 nibus
251 767 527 817 proJectionum
547 769 665 810 lineae
690 780 810 812 rectae
839 772 1048 814 constantes
1069 788 1095 814 a
1115 782 1153 814 et
1178 792 1233 825 a,

111 833 135 870 b
160 842 197 872 et
219 838 250 884 β
272 836 539 887 eliminentur,
567 840 787 882 obtinentur
814 845 1054 892 aequationes
1086 847 1236 897 proiec-

113 901 259 948 tionum
281 909 465 956 tangentis
488 920 625 949 curvae
637 910 798 962 duplicis
821 924 1071 966 curvaturae,
1092 915 1243 967 quippe‘

115 983 211 1021 quae
232 975 318 1014 sunt

160 1057 401 1163 y'-J=Z÷,:
417 1090 465 1141 (x
467 1092 577 1143 ‘—x)
627 1102 665 1133 et
684 1097 862 1139 z'-z=
872 1065 932 1169 {iz
955 1099 1135 1154 (κ’-π).

112 1201 342 1242 Luculenter
363 1215 492 1255 patet,
519 1208 546 1246 fi
572 1206 641 1247 hae
670 1211 910 1259 aequa-tiones
933 1225 1021 1253 cum
1043 1216 1239 1266 aequatio·

111 1269 169 1308 ne
183 1272 368 1322 tangentis
398 1285 597 1317 curvarum
631 1278 809 1328 firnplicis
843 1291 1065 1323 curvaturae
1085 1285 1146 1335 (§.
1172 1286 1241 1337 8.)

110 1351 400 1396 comparentur,
427 1357 494 1393 per
526 1347 593 1386 has
619 1349 711 1388 duas
742 1351 985 1399 aequationes
1014 1354 1240 1404 representa-

111 1411 143 1449 ri
176 1413 268 1451 duas
306 1422 497 1463 tangentes
532 1428 732 1458 curvarum
779 1419 956 1469 fimplicis
989 1432 1242 1477 curvaturae,

113 1490 208 1532 quae
240 1481 424 1521 definiunt
446 1485 700 1534 projectiones
725 1498 863 1528 curvae
888 1491 1130 1544 propofitae,
1157 1506 1240 1535 eas·

113 1561 188 1598 que
220 1550 259 1588 in
283 1552 396 1600 plano
418 1565 477 1602 xy
492 1562 528 1592 et
553 1568 618 1594 xz
644 1555 730 1595 fitas
756 1557 857 1608 esse,
884 1561 935 1600 ita
962 1573 1003 1602 ut
1016 1563 1063 1602 ad
1086 1573 1241 1616 tangen-

112 1629 189 1658 tem
210 1631 408 1661 curvarum
428 1623 590 1673 duplicis
610 1635 832 1667 curvaturae
857 1614 1060 1672 ducendam
1086 1642 1242 1688 tangen-

110 1699 167 1730 tes
203 1702 400 1732 curvarum
423 1695 673 1745 projectarum
707 1709 845 1738 curvae
880 1701 1065 1742 ducantur
1089 1705 1240 1747 necesse

111 1760 156 1800 fit
170 1788 185 1809 ,
218 1770 256 1800 et
292 1772 393 1802 recta
429 1764 554 1814 linea,
583 1779 680 1816 quae
714 1768 824 1809 hasce
855 1780 1046 1822 tangentes
1077 1775 1116 1814 in
1148 1788 1240 1825 pro-

108 1831 271 1882 jectione
293 1834 457 1883 habeat,
481 1838 542 1875 vel
575 1850 669 1886 quae
690 1850 710 1877 e
730 1851 901 1891 puncto,
929 1855 1008 1892 quo
1041 1845 1110 1884 hae
1143 1847 1239 1888 duae

112 1910 234 1941 rectae
260 1902 331 1941 sese
368 1902 517 1952 secant,
545 1907 591 1945 ad
621 1919 807 1957 punctum
832 1921 1031 1954 contactus
1056 1917 1241 1967 ducatur,

112 1969 159 2011 fit
193 1980 348 2024 tangens
382 1985 520 2015 curvae
554 1977 715 2027 duplicis
754 1988 988 2024 curvaturae.
1015 1987 1071 2016 -ὲ-
1094 1987 1238 2038 Anguli

113 2048 261 2091 autem,
290 2053 387 2089 quos
426 2044 516 2083 haec
540 2055 694 2097 tangens
718 2048 809 2089 facit
829 2063 914 2090 cum
943 2053 1105 2103 axibus,
1132 2055 1241 2097 facil-

113 2109 200 2147 lime
224 2110 376 2159 reperiri
399 2113 573 2160 possunt.
626 2116 774 2158 Notum
803 2130 888 2168 est,
916 2122 942 2161 fi
964 2123 1055 2173 (fig.
1076 2126 1167 2177 25.)
1195 2128 1242 2166 li-

115 2190 183 2221 nea
215 2180 316 2218 AM
339 2193 406 2230 per
428 2195 479 2231 r,
519 2188 679 2233 angulus
713 2190 864 2230 MAX
891 2201 1057 2241 peta„
1078 2197 1238 2245 angulus

115 2249 257 2289 TAM
276 2261 343 2300 per
367 2255 425 2302 β,
454 2262 491 2292 et
509 2257 668 2304 angulus
708 2259 848 2300 (ΞΛΜ
884 2271 951 2311 per.
988 2279 1016 2312 y
1053 2265 1253 2314 represen.

649 2328 685 2368 E
1162 2345 1245 2375 tm-
