<?xml version="1.0" encoding="UTF-8"?>
<!DOCTYPE html PUBLIC "-//W3C//DTD XHTML 1.0 Transitional//EN"
    "http://www.w3.org/TR/xhtml1/DTD/xhtml1-transitional.dtd">
<html xmlns="http://www.w3.org/1999/xhtml" xml:lang="en" lang="en">
 <head>
  <title>
</title>
<meta http-equiv="Content-Type" content="text/html;charset=utf-8" />
  <meta name='ocr-system' content='tesseract 3.04.00' />
  <meta name='ocr-capabilities' content='ocr_page ocr_carea ocr_par ocr_line ocrx_word'/>
</head>
<body>
  <div class='ocr_page' id='page_1' title='image "annalesacademiae29acad_0809.png"; bbox 0 0 1483 2860; ppageno 0'>
   <div class='ocr_carea' id='block_1_1' title="bbox 477 217 1259 277">
    <p class='ocr_par' dir='ltr' id='par_1_1' title="bbox 477 217 1259 277">
     <span class='ocr_line' id='line_1_1' title="bbox 477 217 1259 277; baseline 0.001 -17"><span class='ocrx_word' id='word_1_1' title='bbox 477 229 547 261; x_wconf 64' lang='lat' dir='ltr'><strong>na</strong></span> <span class='ocrx_word' id='word_1_2' title='bbox 604 217 908 260; x_wconf 84' lang='lat' dir='ltr'>ACETO.</span> <span class='ocrx_word' id='word_1_3' title='bbox 1211 235 1259 277; x_wconf 72' lang='lat'><strong>17</strong></span> 
     </span>
    </p>
   </div>
   <div class='ocr_carea' id='block_1_2' title="bbox 102 325 1258 2273">
    <p class='ocr_par' dir='ltr' id='par_1_2' title="bbox 130 325 1258 509">
     <span class='ocr_line' id='line_1_2' title="bbox 134 325 1258 382; baseline -0.003 -12"><span class='ocrx_word' id='word_1_4' title='bbox 134 339 214 370; x_wconf 86' lang='lat' dir='ltr'><strong>non</strong></span> <span class='ocrx_word' id='word_1_5' title='bbox 250 328 391 380; x_wconf 88' lang='lat' dir='ltr'><strong>tegitur</strong></span> <span class='ocrx_word' id='word_1_6' title='bbox 424 327 604 379; x_wconf 89' lang='lat' dir='ltr'><strong>operculo</strong></span> <span class='ocrx_word' id='word_1_7' title='bbox 641 328 704 368; x_wconf 91' lang='lat' dir='ltr'><strong>sed</strong></span> <span class='ocrx_word' id='word_1_8' title='bbox 733 325 960 377; x_wconf 84' lang='lat' dir='ltr'><strong>relinquitur</strong></span> <span class='ocrx_word' id='word_1_9' title='bbox 989 328 1129 380; x_wconf 88' lang='lat' dir='ltr'>semper</span> <span class='ocrx_word' id='word_1_10' title='bbox 1151 342 1258 382; x_wconf 84' lang='lat' dir='ltr'><strong>aper.</strong></span> 
     </span>
     <span class='ocr_line' id='line_1_3' title="bbox 133 397 1253 450; baseline 0.003 -10"><span class='ocrx_word' id='word_1_11' title='bbox 133 409 246 450; x_wconf 89' lang='lat' dir='ltr'><strong>tum,</strong></span> <span class='ocrx_word' id='word_1_12' title='bbox 285 411 363 450; x_wconf 93' lang='lat' dir='ltr'><strong>quo</strong></span> <span class='ocrx_word' id='word_1_13' title='bbox 389 398 464 438; x_wconf 88' lang='lat' dir='ltr'><strong>aeri</strong></span> <span class='ocrx_word' id='word_1_14' title='bbox 487 397 706 447; x_wconf 86' lang='lat' dir='ltr'><strong>praebeatur</strong></span> <span class='ocrx_word' id='word_1_15' title='bbox 736 399 783 438; x_wconf 88' lang='lat' dir='ltr'><strong>ad</strong></span> <span class='ocrx_word' id='word_1_16' title='bbox 814 398 1000 448; x_wconf 85' lang='lat' dir='ltr'><strong>liquorem</strong></span> <span class='ocrx_word' id='word_1_17' title='bbox 1035 401 1253 444; x_wconf 87' lang='lat' dir='ltr'><strong>mutandum</strong></span> 
     </span>
     <span class='ocr_line' id='line_1_4' title="bbox 130 468 518 509; baseline -0.005 0"><span class='ocrx_word' id='word_1_18' title='bbox 130 470 317 509; x_wconf 87' lang='lat' dir='ltr'><strong>liberrima</strong></span> <span class='ocrx_word' id='word_1_19' title='bbox 342 468 518 508; x_wconf 85' lang='lat' dir='ltr'><strong>accesfio.</strong></span> 
     </span>
    </p>

    <p class='ocr_par' dir='ltr' id='par_1_3' title="bbox 107 537 1251 1916">
     <span class='ocr_line' id='line_1_5' title="bbox 180 537 1251 590; baseline 0.006 -13"><span class='ocrx_word' id='word_1_20' title='bbox 180 538 275 581; x_wconf 87' lang='lat' dir='ltr'><strong>Non</strong></span> <span class='ocrx_word' id='word_1_21' title='bbox 305 545 427 577; x_wconf 90' lang='lat' dir='ltr'><strong>autem</strong></span> <span class='ocrx_word' id='word_1_22' title='bbox 451 537 594 587; x_wconf 91' lang='lat' dir='ltr'><strong>ubique</strong></span> <span class='ocrx_word' id='word_1_23' title='bbox 624 538 665 576; x_wconf 92' lang='lat' dir='ltr'><strong>in</strong></span> <span class='ocrx_word' id='word_1_24' title='bbox 686 538 810 578; x_wconf 87' lang='lat' dir='ltr'><strong>Gallia</strong></span> <span class='ocrx_word' id='word_1_25' title='bbox 841 539 936 580; x_wconf 88' lang='lat' dir='ltr'><strong>hanc</strong></span> <span class='ocrx_word' id='word_1_26' title='bbox 959 542 1148 590; x_wconf 90' lang='lat' dir='ltr'><strong>coquendi</strong></span> <span class='ocrx_word' id='word_1_27' title='bbox 1169 554 1251 583; x_wconf 87' lang='lat' dir='ltr'><strong>ace·</strong></span> 
     </span>
     <span class='ocr_line' id='line_1_6' title="bbox 125 607 1251 662; baseline 0.004 -15"><span class='ocrx_word' id='word_1_28' title='bbox 125 617 205 648; x_wconf 90' lang='lat' dir='ltr'><strong>tum</strong></span> <span class='ocrx_word' id='word_1_29' title='bbox 228 607 307 647; x_wconf 89' lang='lat' dir='ltr'><strong>vini</strong></span> <span class='ocrx_word' id='word_1_30' title='bbox 329 608 545 646; x_wconf 82' lang='lat' dir='ltr'><strong>methodum</strong></span> <span class='ocrx_word' id='word_1_31' title='bbox 581 607 800 657; x_wconf 88' lang='lat' dir='ltr'><strong>sequuntur.</strong></span> <span class='ocrx_word' id='word_1_32' title='bbox 830 610 1027 659; x_wconf 88' lang='lat' dir='ltr'><strong>Aureliae,</strong></span> <span class='ocrx_word' id='word_1_33' title='bbox 1059 612 1127 651; x_wconf 92' lang='lat' dir='ltr'><strong>ubi</strong></span> <span class='ocrx_word' id='word_1_34' title='bbox 1150 612 1251 662; x_wconf 87' lang='lat' dir='ltr'><strong>opti-</strong></span> 
     </span>
     <span class='ocr_line' id='line_1_7' title="bbox 125 678 1250 732; baseline 0.003 -13"><span class='ocrx_word' id='word_1_35' title='bbox 125 690 227 720; x_wconf 87' lang='lat' dir='ltr'><strong>mum</strong></span> <span class='ocrx_word' id='word_1_36' title='bbox 253 687 398 717; x_wconf 90' lang='lat' dir='ltr'><strong>acetum</strong></span> <span class='ocrx_word' id='word_1_37' title='bbox 422 678 502 717; x_wconf 87' lang='lat' dir='ltr'><strong>vini</strong></span> <span class='ocrx_word' id='word_1_38' title='bbox 524 678 752 728; x_wconf 86' lang='lat' dir='ltr'><strong>fabricatur,</strong></span> <span class='ocrx_word' id='word_1_39' title='bbox 775 680 943 728; x_wconf 87' lang='lat' dir='ltr'><strong>sequenti</strong></span> <span class='ocrx_word' id='word_1_40' title='bbox 969 683 1082 721; x_wconf 92' lang='lat' dir='ltr'><strong>modo</strong></span> <span class='ocrx_word' id='word_1_41' title='bbox 1114 695 1250 732; x_wconf 90' lang='lat' dir='ltr'><strong>proce-</strong></span> 
     </span>
     <span class='ocr_line' id='line_1_8' title="bbox 123 748 1249 801; baseline 0.002 -11"><span class='ocrx_word' id='word_1_42' title='bbox 123 751 244 790; x_wconf 87' lang='lat' dir='ltr'><strong>dunt:</strong></span> <span class='ocrx_word' id='word_1_43' title='bbox 299 748 412 788; x_wconf 90' lang='lat' dir='ltr'><strong>Fiunt</strong></span> <span class='ocrx_word' id='word_1_44' title='bbox 459 748 597 787; x_wconf 88' lang='lat' dir='ltr'><strong>scilicet</strong></span> <span class='ocrx_word' id='word_1_45' title='bbox 640 748 749 798; x_wconf 87' lang='lat' dir='ltr'><strong>vasa,</strong></span> <span class='ocrx_word' id='word_1_46' title='bbox 794 762 890 798; x_wconf 90' lang='lat' dir='ltr'><strong>quae</strong></span> <span class='ocrx_word' id='word_1_47' title='bbox 924 752 970 789; x_wconf 90' lang='lat' dir='ltr'><strong>ad</strong></span> <span class='ocrx_word' id='word_1_48' title='bbox 1005 753 1249 801; x_wconf 85' lang='lat' dir='ltr'><strong>quadraginta</strong></span> 
     </span>
     <span class='ocr_line' id='line_1_9' title="bbox 121 819 1247 872; baseline 0.002 -11"><span class='ocrx_word' id='word_1_49' title='bbox 121 821 301 861; x_wconf 83' lang='lat' dir='ltr'><strong>sextarios</strong></span> <span class='ocrx_word' id='word_1_50' title='bbox 334 819 489 870; x_wconf 86' lang='lat' dir='ltr'><strong>gallicos</strong></span> <span class='ocrx_word' id='word_1_51' title='bbox 523 819 600 858; x_wconf 91' lang='lat' dir='ltr'><strong>vini</strong></span> <span class='ocrx_word' id='word_1_52' title='bbox 628 819 821 858; x_wconf 90' lang='lat' dir='ltr'><strong>continere</strong></span> <span class='ocrx_word' id='word_1_53' title='bbox 844 821 1031 869; x_wconf 86' lang='lat' dir='ltr'><strong>possunt,</strong></span> <span class='ocrx_word' id='word_1_54' title='bbox 1057 822 1247 872; x_wconf 88' lang='lat' dir='ltr'><strong>eliguntur</strong></span> 
     </span>
     <span class='ocr_line' id='line_1_10' title="bbox 121 889 1246 943; baseline 0.003 -13"><span class='ocrx_word' id='word_1_55' title='bbox 121 899 253 931; x_wconf 85' lang='lat' dir='ltr'><strong>autem·</strong></span> <span class='ocrx_word' id='word_1_56' title='bbox 276 890 390 938; x_wconf 89' lang='lat' dir='ltr'><strong>talia,</strong></span> <span class='ocrx_word' id='word_1_57' title='bbox 429 901 522 938; x_wconf 87' lang='lat' dir='ltr'><strong>quae</strong></span> <span class='ocrx_word' id='word_1_58' title='bbox 543 890 618 940; x_wconf 86' lang='lat' dir='ltr'><strong>jam</strong></span> <span class='ocrx_word' id='word_1_59' title='bbox 654 889 796 939; x_wconf 89' lang='lat' dir='ltr'><strong>saepius</strong></span> <span class='ocrx_word' id='word_1_60' title='bbox 824 891 898 929; x_wconf 89' lang='lat' dir='ltr'><strong>hoe</strong></span> <span class='ocrx_word' id='word_1_61' title='bbox 937 891 1104 933; x_wconf 89' lang='lat' dir='ltr'><strong>officium</strong></span> <span class='ocrx_word' id='word_1_62' title='bbox 1138 905 1246 943; x_wconf 81' lang='lat' dir='ltr'><strong>prae·</strong></span> 
     </span>
     <span class='ocr_line' id='line_1_11' title="bbox 122 959 1244 1010; baseline 0.001 -9"><span class='ocrx_word' id='word_1_63' title='bbox 122 961 318 1008; x_wconf 89' lang='lat' dir='ltr'><strong>stiterunt,</strong></span> <span class='ocrx_word' id='word_1_64' title='bbox 346 971 516 1009; x_wconf 86' lang='lat' dir='ltr'><strong>quaeque</strong></span> <span class='ocrx_word' id='word_1_65' title='bbox 544 968 678 998; x_wconf 88' lang='lat' dir='ltr'><strong>matres</strong></span> <span class='ocrx_word' id='word_1_66' title='bbox 710 959 804 998; x_wconf 89' lang='lat' dir='ltr'><strong>aceti</strong></span> <span class='ocrx_word' id='word_1_67' title='bbox 835 969 1120 1010; x_wconf 87' lang='lat' dir='ltr'><strong>nuncupantur.</strong></span> <span class='ocrx_word' id='word_1_68' title='bbox 1158 963 1244 1003; x_wconf 88' lang='lat' dir='ltr'><strong>Ho-</strong></span> 
     </span>
     <span class='ocr_line' id='line_1_12' title="bbox 119 1027 1243 1080; baseline 0.003 -11"><span class='ocrx_word' id='word_1_69' title='bbox 119 1041 203 1069; x_wconf 88' lang='lat' dir='ltr'><strong>rum</strong></span> <span class='ocrx_word' id='word_1_70' title='bbox 225 1028 396 1068; x_wconf 90' lang='lat' dir='ltr'><strong>vasorum</strong></span> <span class='ocrx_word' id='word_1_71' title='bbox 420 1036 496 1067; x_wconf 89' lang='lat' dir='ltr'><strong>tres</strong></span> <span class='ocrx_word' id='word_1_72' title='bbox 525 1027 634 1066; x_wconf 84' lang='lat' dir='ltr'><strong>series</strong></span> <span class='ocrx_word' id='word_1_73' title='bbox 663 1027 733 1067; x_wconf 88' lang='lat' dir='ltr'><strong>fibi</strong></span> <span class='ocrx_word' id='word_1_74' title='bbox 764 1028 1040 1080; x_wconf 84' lang='lat' dir='ltr'><strong>imponuntur,</strong></span> <span class='ocrx_word' id='word_1_75' title='bbox 1067 1038 1181 1080; x_wconf 88' lang='lat' dir='ltr'><strong>atque</strong></span> <span class='ocrx_word' id='word_1_76' title='bbox 1201 1032 1243 1073; x_wconf 87' lang='lat' dir='ltr'><strong>in</strong></span> 
     </span>
     <span class='ocr_line' id='line_1_13' title="bbox 116 1094 1244 1149; baseline 0.002 -10"><span class='ocrx_word' id='word_1_77' title='bbox 116 1099 208 1139; x_wconf 88' lang='lat' dir='ltr'><strong>serie</strong></span> <span class='ocrx_word' id='word_1_78' title='bbox 238 1098 428 1148; x_wconf 88' lang='lat' dir='ltr'><strong>superiore</strong></span> <span class='ocrx_word' id='word_1_79' title='bbox 450 1098 593 1147; x_wconf 77' lang='lat' dir='ltr'><strong>singula</strong></span> <span class='ocrx_word' id='word_1_80' title='bbox 620 1098 701 1137; x_wconf 86' lang='lat' dir='ltr'><strong>vasa</strong></span> <span class='ocrx_word' id='word_1_81' title='bbox 728 1094 940 1149; x_wconf 83' lang='lat' dir='ltr'><strong>foramine,</strong></span> <span class='ocrx_word' id='word_1_82' title='bbox 962 1101 1072 1144; x_wconf 82' lang='lat' dir='ltr'><strong>cuius</strong></span> <span class='ocrx_word' id='word_1_83' title='bbox 1105 1101 1244 1141; x_wconf 85' lang='lat' dir='ltr'><strong>diame-</strong></span> 
     </span>
     <span class='ocr_line' id='line_1_14' title="bbox 119 1168 1241 1220; baseline 0.003 -11"><span class='ocrx_word' id='word_1_84' title='bbox 119 1179 175 1209; x_wconf 85' lang='lat' dir='ltr'><strong>ter</strong></span> <span class='ocrx_word' id='word_1_85' title='bbox 211 1170 307 1208; x_wconf 88' lang='lat' dir='ltr'><strong>duos</strong></span> <span class='ocrx_word' id='word_1_86' title='bbox 344 1177 480 1218; x_wconf 87' lang='lat' dir='ltr'><strong>aequat</strong></span> <span class='ocrx_word' id='word_1_87' title='bbox 516 1168 700 1217; x_wconf 89' lang='lat' dir='ltr'><strong>pollices,</strong></span> <span class='ocrx_word' id='word_1_88' title='bbox 753 1169 857 1216; x_wconf 91' lang='lat' dir='ltr'><strong>quod</strong></span> <span class='ocrx_word' id='word_1_89' title='bbox 892 1168 1034 1219; x_wconf 87' lang='lat' dir='ltr'><strong>semper</strong></span> <span class='ocrx_word' id='word_1_90' title='bbox 1068 1180 1241 1220; x_wconf 85' lang='lat' dir='ltr'><strong>apertum</strong></span> 
     </span>
     <span class='ocr_line' id='line_1_15' title="bbox 113 1237 1242 1291; baseline 0.004 -12"><span class='ocrx_word' id='word_1_91' title='bbox 113 1247 260 1288; x_wconf 87' lang='lat' dir='ltr'><strong>manet,</strong></span> <span class='ocrx_word' id='word_1_92' title='bbox 287 1238 462 1277; x_wconf 87' lang='lat' dir='ltr'><strong>instructa</strong></span> <span class='ocrx_word' id='word_1_93' title='bbox 490 1237 599 1276; x_wconf 84' lang='lat' dir='ltr'><strong>sunt:</strong></span> <span class='ocrx_word' id='word_1_94' title='bbox 643 1237 702 1276; x_wconf 91' lang='lat' dir='ltr'><strong>his</strong></span> <span class='ocrx_word' id='word_1_95' title='bbox 731 1237 783 1277; x_wconf 86' lang='lat' dir='ltr'><strong>ita</strong></span> <span class='ocrx_word' id='word_1_96' title='bbox 812 1238 1005 1288; x_wconf 70' lang='lat' dir='ltr'><strong>dispositis</strong></span> <span class='ocrx_word' id='word_1_97' title='bbox 1036 1240 1242 1291; x_wconf 80' lang='lat' dir='ltr'><strong>implentur</strong></span> 
     </span>
     <span class='ocr_line' id='line_1_16' title="bbox 114 1306 1242 1361; baseline -0.002 -12"><span class='ocrx_word' id='word_1_98' title='bbox 114 1310 198 1350; x_wconf 86' lang='lat' dir='ltr'><strong>vasa</strong></span> <span class='ocrx_word' id='word_1_99' title='bbox 231 1318 382 1348; x_wconf 92' lang='lat' dir='ltr'><strong>centum</strong></span> <span class='ocrx_word' id='word_1_100' title='bbox 418 1307 584 1346; x_wconf 87' lang='lat' dir='ltr'><strong>sextariis</strong></span> <span class='ocrx_word' id='word_1_101' title='bbox 613 1306 707 1346; x_wconf 92' lang='lat' dir='ltr'><strong>boni</strong></span> <span class='ocrx_word' id='word_1_102' title='bbox 738 1308 833 1346; x_wconf 89' lang='lat' dir='ltr'><strong>aceti</strong></span> <span class='ocrx_word' id='word_1_103' title='bbox 867 1309 1107 1360; x_wconf 85' lang='lat' dir='ltr'><strong>ebullientis,</strong></span> <span class='ocrx_word' id='word_1_104' title='bbox 1155 1311 1242 1361; x_wconf 84' lang='lat' dir='ltr'><strong>qui.</strong></span> 
     </span>
     <span class='ocr_line' id='line_1_17' title="bbox 112 1376 1236 1428; baseline 0.002 -9"><span class='ocrx_word' id='word_1_105' title='bbox 112 1379 214 1427; x_wconf 88' lang='lat' dir='ltr'><strong>bus,</strong></span> <span class='ocrx_word' id='word_1_106' title='bbox 239 1387 330 1428; x_wconf 87' lang='lat' dir='ltr'><strong>post</strong></span> <span class='ocrx_word' id='word_1_107' title='bbox 361 1385 449 1416; x_wconf 86' lang='lat' dir='ltr'><strong>octo</strong></span> <span class='ocrx_word' id='word_1_108' title='bbox 482 1377 590 1426; x_wconf 89' lang='lat' dir='ltr'><strong>dies,</strong></span> <span class='ocrx_word' id='word_1_109' title='bbox 613 1377 739 1416; x_wconf 87' lang='lat' dir='ltr'><strong>decem</strong></span> <span class='ocrx_word' id='word_1_110' title='bbox 763 1376 909 1417; x_wconf 88' lang='lat' dir='ltr'><strong>sextarii</strong></span> <span class='ocrx_word' id='word_1_111' title='bbox 937 1379 1018 1418; x_wconf 91' lang='lat' dir='ltr'><strong>vini</strong></span> <span class='ocrx_word' id='word_1_112' title='bbox 1043 1380 1236 1421; x_wconf 85' lang='lat' dir='ltr'><strong>clarificati</strong></span> 
     </span>
     <span class='ocr_line' id='line_1_18' title="bbox 111 1433 1236 1497; baseline 0.004 -9"><span class='ocrx_word' id='word_1_113' title='bbox 111 1433 382 1494; x_wconf 84' lang='lat' dir='ltr'><strong>affunduntur,</strong></span> <span class='ocrx_word' id='word_1_114' title='bbox 411 1447 516 1496; x_wconf 90' lang='lat' dir='ltr'><strong>quod</strong></span> <span class='ocrx_word' id='word_1_115' title='bbox 538 1447 689 1497; x_wconf 83' lang='lat' dir='ltr'><strong>fingulis</strong></span> <span class='ocrx_word' id='word_1_116' title='bbox 717 1456 806 1487; x_wconf 90' lang='lat' dir='ltr'><strong>octo</strong></span> <span class='ocrx_word' id='word_1_117' title='bbox 830 1449 963 1489; x_wconf 89' lang='lat' dir='ltr'><strong>diebus</strong></span> <span class='ocrx_word' id='word_1_118' title='bbox 988 1450 1144 1491; x_wconf 85' lang='lat' dir='ltr'><strong>iteratur</strong></span> <span class='ocrx_word' id='word_1_119' title='bbox 1163 1452 1236 1492; x_wconf 92' lang='lat' dir='ltr'><strong>do-</strong></span> 
     </span>
     <span class='ocr_line' id='line_1_19' title="bbox 112 1506 1237 1567; baseline 0.002 -8"><span class='ocrx_word' id='word_1_120' title='bbox 112 1531 182 1559; x_wconf 86' lang='lat' dir='ltr'><strong>nec</strong></span> <span class='ocrx_word' id='word_1_121' title='bbox 217 1530 282 1558; x_wconf 90' lang='lat' dir='ltr'><strong>vas</strong></span> <span class='ocrx_word' id='word_1_122' title='bbox 315 1519 467 1567; x_wconf 82' lang='lat' dir='ltr'><strong>plenum</strong></span> <span class='ocrx_word' id='word_1_123' title='bbox 493 1526 566 1557; x_wconf 90' lang='lat' dir='ltr'><strong>est.</strong></span> <span class='ocrx_word' id='word_1_124' title='bbox 630 1518 770 1557; x_wconf 89' lang='lat' dir='ltr'><strong>Decem</strong></span> <span class='ocrx_word' id='word_1_125' title='bbox 805 1520 948 1559; x_wconf 88' lang='lat' dir='ltr'><strong>ultimis</strong></span> <span class='ocrx_word' id='word_1_126' title='bbox 982 1513 1147 1560; x_wconf 85' lang='lat' dir='ltr'><strong>sextariis</strong></span> <span class='ocrx_word' id='word_1_127' title='bbox 1178 1506 1237 1561; x_wconf 50' lang='lat' dir='ltr'><strong>afss</strong></span> 
     </span>
     <span class='ocr_line' id='line_1_20' title="bbox 110 1585 1237 1643; baseline 0.002 -15"><span class='ocrx_word' id='word_1_128' title='bbox 110 1589 203 1628; x_wconf 87' lang='lat' dir='ltr'><strong>fufis</strong></span> <span class='ocrx_word' id='word_1_129' title='bbox 236 1587 306 1626; x_wconf 89' lang='lat' dir='ltr'><strong>fibi</strong></span> <span class='ocrx_word' id='word_1_130' title='bbox 331 1588 451 1626; x_wconf 90' lang='lat' dir='ltr'><strong>adhuc</strong></span> <span class='ocrx_word' id='word_1_131' title='bbox 477 1599 544 1637; x_wconf 89' lang='lat' dir='ltr'><strong>per</strong></span> <span class='ocrx_word' id='word_1_132' title='bbox 567 1585 849 1636; x_wconf 79' lang='lat' dir='ltr'><strong>quatuordecim</strong></span> <span class='ocrx_word' id='word_1_133' title='bbox 881 1589 962 1628; x_wconf 91' lang='lat' dir='ltr'><strong>dies</strong></span> <span class='ocrx_word' id='word_1_134' title='bbox 982 1590 1237 1643; x_wconf 82' lang='lat' dir='ltr'><strong>relinquitur,</strong></span> 
     </span>
     <span class='ocr_line' id='line_1_21' title="bbox 113 1648 1239 1711; baseline 0.002 -12"><span class='ocrx_word' id='word_1_135' title='bbox 113 1668 260 1699; x_wconf 88' lang='lat' dir='ltr'><strong>acetum</strong></span> <span class='ocrx_word' id='word_1_136' title='bbox 286 1667 481 1707; x_wconf 85' lang='lat' dir='ltr'><strong>antequam</strong></span> <span class='ocrx_word' id='word_1_137' title='bbox 511 1659 557 1696; x_wconf 91' lang='lat' dir='ltr'><strong>ad</strong></span> <span class='ocrx_word' id='word_1_138' title='bbox 583 1657 688 1696; x_wconf 90' lang='lat' dir='ltr'><strong>usum</strong></span> <span class='ocrx_word' id='word_1_139' title='bbox 722 1658 955 1699; x_wconf 85' lang='lat' dir='ltr'><strong>adhibeatur.</strong></span> <span class='ocrx_word' id='word_1_140' title='bbox 1026 1648 1239 1711; x_wconf 61' lang='lat' dir='ltr'><strong>Nunquam</strong></span> 
     </span>
     <span class='ocr_line' id='line_1_22' title="bbox 110 1723 1238 1779; baseline 0.004 -11"><span class='ocrx_word' id='word_1_141' title='bbox 110 1735 235 1769; x_wconf 88' lang='lat' dir='ltr'><strong>autem</strong></span> <span class='ocrx_word' id='word_1_142' title='bbox 269 1736 382 1766; x_wconf 89' lang='lat' dir='ltr'><strong>mater</strong></span> <span class='ocrx_word' id='word_1_143' title='bbox 407 1727 500 1767; x_wconf 87' lang='lat' dir='ltr'><strong>aceti</strong></span> <span class='ocrx_word' id='word_1_144' title='bbox 526 1728 683 1767; x_wconf 88' lang='lat' dir='ltr'><strong>ulterius</strong></span> <span class='ocrx_word' id='word_1_145' title='bbox 709 1729 943 1778; x_wconf 88' lang='lat' dir='ltr'><strong>depromitur</strong></span> <span class='ocrx_word' id='word_1_146' title='bbox 971 1741 1083 1779; x_wconf 88' lang='lat' dir='ltr'><strong>quam</strong></span> <span class='ocrx_word' id='word_1_147' title='bbox 1112 1732 1159 1771; x_wconf 90' lang='lat' dir='ltr'><strong>ad</strong></span> <span class='ocrx_word' id='word_1_148' title='bbox 1179 1723 1238 1771; x_wconf 71' lang='lat' dir='ltr'><strong>di-&#39;</strong></span> 
     </span>
     <span class='ocr_line' id='line_1_23' title="bbox 109 1797 1230 1852; baseline 0.004 -14"><span class='ocrx_word' id='word_1_149' title='bbox 109 1798 296 1838; x_wconf 88' lang='lat' dir='ltr'><strong>midiatam</strong></span> <span class='ocrx_word' id='word_1_150' title='bbox 320 1806 486 1847; x_wconf 84' lang='lat' dir='ltr'><strong>partem,</strong></span> <span class='ocrx_word' id='word_1_151' title='bbox 529 1809 607 1847; x_wconf 91' lang='lat' dir='ltr'><strong>quo</strong></span> <span class='ocrx_word' id='word_1_152' title='bbox 632 1797 762 1847; x_wconf 87' lang='lat' dir='ltr'><strong>facto,</strong></span> <span class='ocrx_word' id='word_1_153' title='bbox 796 1799 932 1838; x_wconf 82' lang='lat' dir='ltr'><strong>iterum</strong></span> <span class='ocrx_word' id='word_1_154' title='bbox 962 1800 1121 1851; x_wconf 86' lang='lat' dir='ltr'><strong>eodem,</strong></span> <span class='ocrx_word' id='word_1_155' title='bbox 1149 1813 1230 1852; x_wconf 88' lang='lat' dir='ltr'><strong>quo</strong></span> 
     </span>
     <span class='ocr_line' id='line_1_24' title="bbox 107 1868 883 1916; baseline 0.001 -8"><span class='ocrx_word' id='word_1_156' title='bbox 107 1878 242 1916; x_wconf 86' lang='lat' dir='ltr'><strong>antea,</strong></span> <span class='ocrx_word' id='word_1_157' title='bbox 269 1869 383 1907; x_wconf 89' lang='lat' dir='ltr'><strong>modo</strong></span> <span class='ocrx_word' id='word_1_158' title='bbox 410 1868 540 1907; x_wconf 89' lang='lat' dir='ltr'><strong>vinum</strong></span> <span class='ocrx_word' id='word_1_159' title='bbox 563 1869 637 1907; x_wconf 89' lang='lat' dir='ltr'><strong>illis</strong></span> <span class='ocrx_word' id='word_1_160' title='bbox 664 1869 883 1910; x_wconf 85' lang='lat' dir='ltr'><strong>affunditur.</strong></span> 
     </span>
    </p>

    <p class='ocr_par' dir='ltr' id='par_1_4' title="bbox 102 1936 1235 2273">
     <span class='ocr_line' id='line_1_25' title="bbox 156 1936 1235 1984; baseline 0.005 -6"><span class='ocrx_word' id='word_1_161' title='bbox 156 1936 356 1978; x_wconf 89' lang='lat' dir='ltr'><strong>Processus</strong></span> <span class='ocrx_word' id='word_1_162' title='bbox 392 1937 533 1977; x_wconf 88' lang='lat' dir='ltr'><strong>tardior</strong></span> <span class='ocrx_word' id='word_1_163' title='bbox 567 1940 628 1978; x_wconf 90' lang='lat' dir='ltr'><strong>vel</strong></span> <span class='ocrx_word' id='word_1_164' title='bbox 662 1940 818 1979; x_wconf 88' lang='lat' dir='ltr'><strong>celerior</strong></span> <span class='ocrx_word' id='word_1_165' title='bbox 847 1939 1146 1982; x_wconf 85' lang='lat' dir='ltr'><strong>fermentationis</strong></span> <span class='ocrx_word' id='word_1_166' title='bbox 1178 1942 1235 1984; x_wconf 85' lang='lat' dir='ltr'><strong>fa-</strong></span> 
     </span>
     <span class='ocr_line' id='line_1_26' title="bbox 108 2008 1235 2059; baseline 0.004 -11"><span class='ocrx_word' id='word_1_167' title='bbox 108 2008 180 2049; x_wconf 87' lang='lat' dir='ltr'><strong>cile</strong></span> <span class='ocrx_word' id='word_1_168' title='bbox 210 2008 442 2047; x_wconf 88' lang='lat' dir='ltr'><strong>examinatur</strong></span> <span class='ocrx_word' id='word_1_169' title='bbox 475 2020 548 2059; x_wconf 89' lang='lat' dir='ltr'><strong>ope</strong></span> <span class='ocrx_word' id='word_1_170' title='bbox 575 2008 715 2049; x_wconf 86' lang='lat' dir='ltr'><strong>assulae</strong></span> <span class='ocrx_word' id='word_1_171' title='bbox 745 2011 784 2049; x_wconf 92' lang='lat' dir='ltr'><strong>in</strong></span> <span class='ocrx_word' id='word_1_172' title='bbox 821 2010 1005 2059; x_wconf 89' lang='lat' dir='ltr'><strong>liquidum</strong></span> <span class='ocrx_word' id='word_1_173' title='bbox 1044 2012 1235 2054; x_wconf 82' lang='lat' dir='ltr'><strong>immersae</strong></span> 
     </span>
     <span class='ocr_line' id='line_1_27' title="bbox 102 2077 1235 2136; baseline 0.005 -18"><span class='ocrx_word' id='word_1_174' title='bbox 102 2087 149 2118; x_wconf 43' lang='lat' dir='ltr'><strong>*et</strong></span> <span class='ocrx_word' id='word_1_175' title='bbox 187 2077 313 2116; x_wconf 90' lang='lat' dir='ltr'><strong>subito</strong></span> <span class='ocrx_word' id='word_1_176' title='bbox 360 2078 494 2136; x_wconf 87' lang='lat' dir='ltr'><strong>iterum</strong></span> <span class='ocrx_word' id='word_1_177' title='bbox 533 2088 734 2130; x_wconf 81' lang='lat' dir='ltr'><strong>retractae3</strong></span> <span class='ocrx_word' id='word_1_178' title='bbox 787 2081 937 2129; x_wconf 89' lang='lat' dir='ltr'><strong>quando</strong></span> <span class='ocrx_word' id='word_1_179' title='bbox 974 2093 1108 2133; x_wconf 90' lang='lat' dir='ltr'><strong>nempe</strong></span> <span class='ocrx_word' id='word_1_180' title='bbox 1142 2084 1235 2124; x_wconf 89' lang='lat' dir='ltr'><strong>haec</strong></span> 
     </span>
     <span class='ocr_line' id='line_1_28' title="bbox 109 2147 1235 2200; baseline 0.007 -14"><span class='ocrx_word' id='word_1_181' title='bbox 109 2148 241 2198; x_wconf 88' lang='lat' dir='ltr'><strong>spuma</strong></span> <span class='ocrx_word' id='word_1_182' title='bbox 282 2147 357 2186; x_wconf 89' lang='lat' dir='ltr'><strong>five</strong></span> <span class='ocrx_word' id='word_1_183' title='bbox 406 2148 498 2191; x_wconf 89' lang='lat' dir='ltr'><strong>flore</strong></span> <span class='ocrx_word' id='word_1_184' title='bbox 548 2152 643 2190; x_wconf 90' lang='lat' dir='ltr'><strong>aceti</strong></span> <span class='ocrx_word' id='word_1_185' title='bbox 690 2151 863 2200; x_wconf 80' lang='lat' dir='ltr'><strong>tegitur,</strong></span> <span class='ocrx_word' id='word_1_186' title='bbox 913 2155 1137 2193; x_wconf 89' lang='lat' dir='ltr'><strong>concludere</strong></span> <span class='ocrx_word' id='word_1_187' title='bbox 1188 2154 1235 2193; x_wconf 89' lang='lat' dir='ltr'><strong>li·</strong></span> 
     </span>
     <span class='ocr_line' id='line_1_29' title="bbox 108 2217 1227 2273; baseline 0.005 -15"><span class='ocrx_word' id='word_1_188' title='bbox 108 2228 169 2259; x_wconf 87' lang='lat' dir='ltr'><strong>cet</strong></span> <span class='ocrx_word' id='word_1_189' title='bbox 199 2217 520 2258; x_wconf 87' lang='lat' dir='ltr'><strong>fermentationem</strong></span> <span class='ocrx_word' id='word_1_190' title='bbox 557 2233 668 2269; x_wconf 89' lang='lat' dir='ltr'><strong>quam</strong></span> <span class='ocrx_word' id='word_1_191' title='bbox 705 2223 861 2261; x_wconf 85' lang='lat' dir='ltr'><strong>maxime</strong></span> <span class='ocrx_word' id='word_1_192' title='bbox 899 2225 975 2263; x_wconf 88' lang='lat' dir='ltr'><strong>esse</strong></span> <span class='ocrx_word' id='word_1_193' title='bbox 1016 2223 1227 2273; x_wconf 87' lang='lat' dir='ltr'><strong>actuosam,</strong></span> 
     </span>
    </p>
   </div>
   <div class='ocr_carea' id='block_1_3' title="bbox 42 2288 1229 2340">
    <p class='ocr_par' dir='ltr' id='par_1_5' title="bbox 42 2288 1229 2340">
     <span class='ocr_line' id='line_1_30' title="bbox 42 2288 1229 2340; baseline 0.004 -12"><span class='ocrx_word' id='word_1_194' title='bbox 42 2313 48 2319; x_wconf 88' lang='lat'><em>-</em></span> <span class='ocrx_word' id='word_1_195' title='bbox 111 2297 226 2339; x_wconf 87' lang='lat' dir='ltr'><strong>atque</strong></span> <span class='ocrx_word' id='word_1_196' title='bbox 257 2288 432 2340; x_wconf 81' lang='lat' dir='ltr'><strong>maJ&#39;orem</strong></span> <span class='ocrx_word' id='word_1_197' title='bbox 459 2288 537 2328; x_wconf 91' lang='lat' dir='ltr'><strong>vini</strong></span> <span class='ocrx_word' id='word_1_198' title='bbox 561 2291 807 2338; x_wconf 89' lang='lat' dir='ltr'><strong>quantitatem</strong></span> <span class='ocrx_word' id='word_1_199' title='bbox 847 2292 922 2333; x_wconf 87' lang='lat' dir='ltr'><strong>esse</strong></span> <span class='ocrx_word' id='word_1_200' title='bbox 952 2293 1229 2333; x_wconf 87' lang='lat' dir='ltr'><strong>affundendam.</strong></span> 
     </span>
    </p>
   </div>
   <div class='ocr_carea' id='block_1_4' title="bbox 663 2361 1234 2403">
    <p class='ocr_par' dir='ltr' id='par_1_6' title="bbox 663 2361 1234 2403">
     <span class='ocr_line' id='line_1_31' title="bbox 663 2361 1234 2403; baseline 0.009 -5"><span class='ocrx_word' id='word_1_201' title='bbox 663 2361 692 2398; x_wconf 82' lang='lat' dir='ltr'>B</span> <span class='ocrx_word' id='word_1_202' title='bbox 1164 2362 1234 2403; x_wconf 86' lang='lat' dir='ltr'><strong>Vi-</strong></span> 
     </span>
    </p>
   </div>
  </div>
 </body>
</html>
