1524 2850
313 263 361 327 u'
617 279 1149 328 ORATto.

317 419 403 467 vis
419 419 676 465 iaustissimo
718 435 859 465 rerum
914 427 1065 465 eventu
1113 419 1270 464 factum
1321 413 1446 465 vide-³-
1512 417 1515 421 ’

315 497 447 544 timus
462 528 475 552 ,
518 504 564 542 ut
604 510 699 542 cum
739 497 1009 542 dilectissimo
1049 496 1248 556 Principe
1300 495 1445 541 Arau-

317 572 463 628 siaco,
492 574 649 633 Patria„
672 582 714 619 et
753 589 908 619 nomen
948 582 988 618 et
1028 574 1267 619 libertatem
1319 587 1447 618 recu-

316 650 531 710 peraverit
544 668 559 706 3
588 665 683 695 cum
718 651 797 696 illis
823 659 964 696 tamen
996 651 1183 696 secunda
1221 650 1337 695 haud
1373 665 1449 696 re·—

318 726 398 774 diit
437 728 622 773 fortuna.
699 728 827 786 Cujus
878 729 942 773 rei
1001 736 1194 772 nostrum
1247 737 1337 773 non
1385 734 1450 772 est

318 815 494 850 caussas
548 804 766 863 exquirere
782 808 794 861 3
838 806 941 859 sed,
985 813 1033 851 ut
1085 805 1362 865 politicorum.
1403 803 1450 850 id

317 880 581 940 indagationi
620 881 921 939 relinquimus,
951 883 1012 926 ita
1041 882 1126 927 h'oc
1144 883 1450 935 affirmamus,

320 971 437 1004 nunc
465 959 636 1016 quidem
677 973 811 1003 novas
850 959 1056 1004 ineundas
1074 972 1174 1004 esse
1202 958 1321 1012 viae,
1352 957 1453 1015 qui-
1510 969 1514 971 ’

322 1033 434 1089 bus,
459 1024 610 1087 sinon
636 1036 841 1090 eundem,
873 1036 1055 1094 aliquem
1085 1043 1227 1082 tamen
1241 1050 1320 1080 nec
1343 1044 1454 1080 con—
1522 1057 1524 1059 ·

325 1111 598 1156 temnendum
622 1112 922 1172 prosperitatis
961 1113 1141 1172 gradum
1183 1112 1452 1172 attingamus*
1522 1112 1524 1147 ἰ

325 1186 405 1233 His
458 1195 598 1234 autem
644 1189 722 1235 viis
760 1189 1041 1249 intelligimus
1077 1204 1173 1236 cum
1221 1189 1455 1251 agriculta-

326 1280 429 1320 rae,
486 1273 576 1310 tum
612 1266 820 1326 imprimis
873 1271 1052 1311 artium
1106 1270 1454 1320 technicorum,

330 1357 440 1400 quae
485 1343 710 1399 dicuntur,
759 1344 927 1401 studia3
988 1359 1066 1390 nec
1107 1359 1210 1390 sane
1250 1343 1456 1388 dubitan-

327 1419 432 1466 dum
459 1453 473 1475 ‚
533 1422 636 1480 quin
683 1422 753 1467 his
802 1423 951 1468 studiis
979 1455 992 1477 ‚
1051 1430 1293 1482 temporum
1345 1435 1455 1478 quae

331 1496 510 1543 vivimus
553 1499 897 1558 opportunitates
955 1514 1217 1559 magnopere
1269 1500 1452 1544 faveant.

331 1572 506 1624 Scilicet
529 1589 608 1634 per
631 1576 716 1620 hoc
755 1577 1033 1621 novissimum
1075 1576 1261 1634 quinque
1296 1577 1460 1623 lfustro-

333 1665 429 1696 rum
457 1652 640 1711 spatium
666 1652 886 1712 insigniter
927 1662 1072 1699 auctas
1113 1669 1204 1699 esse
1231 1643 1333 1702 illas
1367 1653 1460 1698 disa

335 1727 514 1787 ciplinas
529 1760 541 1782 ,
575 1730 727 1787 quihus
765 1732 971 1791 plurimae
1011 1739 1123 1776 artes
1173 1739 1215 1775 et
1254 1746 1461 1789 augmen-

336 1811 456 1860 tum,
501 1814 543 1851 et
573 1809 938 1862 emendationem,
970 1816 1011 1853 et
1046 1807 1350 1868 perfectionem
1381 1808 1463 1853 dea-

335 1880 464 1936 bent,
496 1883 589 1940 quis
628 1884 796 1929 nescit?
840 1885 951 1929 Hine
1005 1885 1185 1939 accidit,
1215 1893 1263 1930 ut
1299 1884 1380 1929 illis
1416 1884 1463 1930 in

337 1957 443 2003 locis
488 1959 564 2004 ubi
601 1961 754 2006 harum
809 1963 1127 2022 disciplinarum
1178 1962 1495 2008 fundamentis,

336 2043 453 2081 artes
489 2045 804 2096 superstructae
844 2041 1026 2095 fuerint,
1070 2040 1193 2100 ipsae
1231 2040 1312 2085 hae
1351 2046 1464 2084 artes
1497 2060 1503 2065 ·

342 2114 588 2159 emendatae
619 2116 773 2161 fuerint
814 2125 855 2162 et
894 2118 1133 2177 perfectae,
1179 2117 1282 2175 quin
1328 2125 1468 2162 novae

344 2198 552 2250 anteaque
590 2193 851 2252 incognitae]
867 2196 1105 2251 extiterint3
1138 2209 1246 2253 quae
1287 2193 1467 2240 cultori-

340 2266 425 2321 bus
463 2270 671 2317 maximos
716 2272 874 2318 fructus
934 2273 1222 2333 largiebantur
1245 2305 1259 2329 ‚
1313 2272 1376 2319 uti
1423 2278 1468 2316 et

1369 2347 1466 2393 An-
