1483 2860
395 253 906 309 LITERARIA.
1133 268 1201 306 161

92 379 178 422 'post
218 369 336 408 totius
367 369 453 408 anni
489 369 715 408 obsidionem
753 369 916 407 hostium
959 371 1122 410 exercitu
1158 374 1203 411 lie

87 440 250 478 bei-atum
277 440 336 478 fita
388 440 531 478 Eodem
565 440 676 477 modo
701 439 930 481 Zierikzeam
948 467 962 487 ,
998 442 1202 490 expeditio—

89 518 137 546 ne
170 517 401 557 comparata,
436 508 576 546 servare
601 517 756 546 conatus
783 519 854 547 est.
883 510 1025 548 Verum
1041 539 1054 556 ‚
1081 510 1203 551 fortu-

93 588 139 617 na
171 578 341 625 adversa‚
381 589 510 627 magna
537 578 670 625 navis,
712 590 784 627 qua
822 579 898 627 ipse
936 580 1060 619 clasfis
1101 594 1204 629 praes

90 647 213 688 fectus
239 648 517 687 Boisotius
550 648 781 695 vehebatur„
808 649 959 697 prorsus
986 651 1099 688 deleta
1120 660 1201 690 estt

92 729 226 767 magno
255 718 335 758 sane
360 719 581 767 reipublicae
607 718 856 765 detrimento,
883 719 1057 766 quoniam
1092 720 1120 758 B
1136 720 1204 757 oi-

85 789 295 835 sotiu85
337 788 506 836 finffssmi
548 789 686 826 finum
723 797 759 826 α
802 788 951 827 amhda
988 789 1048 828 ma
1093 789 1202 827 noffif

89 859 136 896 lis
165 859 300 907 patriae
333 856 501 896 defensor
536 858 692 897 exstitit.
747 858 938 896 Zierikzea
978 858 1118 907 igitur,
1145 871 1207 898 ae·

95 929 179 976 quis
218 928 497 967 conditionibus
543 928 703 976 acceptis
721 956 734 976 ‚
779 929 817 966 in
865 928 1033 966 hostium
1075 940 1205 968 manus

91 998 237 1036 transiit
260 999 342 1047 (ι).

149 1067 481 1114 Elisabetha‚
511 1067 679 1114 quamvis
708 1066 782 1116 ipsa
815 1068 931 1117 Belgii
950 1073 1071 1108 curam
1099 1076 1206 1119 agere

99 1148 175 1174 non
211 1136 294 1174 ausa
324 1135 443 1182 esset,
472 1136 575 1174 valde
609 1137 827 1184 verebatur,
855 1149 901 1175 ne
937 1139 1135 1178 Hollandia
1173 1144 1211 1178 et'

95 1207 289 1246 Zeelandia
322 1206 517 1244 Gallorum
556 1205 709 1254 irnperio
738 1205 1017 1256 subjicerentur.
1083 1210 1209 1259 Quare

97 1277 239 1326 legatos
264 1277 309 1313 ad
334 1277 372 1315 G
388 1275 560 1313 ulielm
576 1287 647 1313 um
681 1275 775 1314 mifit
798 1288 957 1325 eumque
993 1279 1211 1325 admonuit,

98 1358 145 1385 ne
183 1355 391 1384 extraneum
428 1346 605 1383 auxilium
633 1355 774 1393 peteret
815 1347 898 1396 (a)
951 1347 1211 1387 Henricus

99 1416 449 1455 Navarrensis
484 1415 590 1453 etiam
616 1417 776 1465 legatum
817 1418 863 1455 ad
900 1417 1212 1458 Gulielmum

102 1485 198 1525 mifit
222 1493 334 1533 atque
359 1485 459 1523 mille
495 1485 690 1523 Gallorum
724 1486 859 1525 milites
898 1487 932 1525 ei
963 1487 1101 1526 obtulit
1127 1489 1211 1537 (3).

102 1555 274 1602 Verum,
314 1566 357 1592 eo
397 1564 562 1603 tempore
597 1555 737 1603 aliquid
776 1556 934 1605 accidit,
975 1569 1088 1606 quare
1119 1558 1217 1599 Gu-

105 1625 276 1664 lielmo
321 1632 439 1662 ratum
479 1635 555 1662 non
588 1625 806 1673 videretur,
846 1627 1019 1676 majorem
1052 1628 1213 1668 militum

104 1695 180 1734 'vim
217 1706 441 1744 comparare.
494 1695 636 1742 Copiae
681 1696 775 1733 enim
816 1696 1028 1745 Hispanae,
1056 1707 1123 1746 per
1158 1698 1215 1736 vie

108 1765 202 1814 ginti
229 1773 266 1802 et
298 1766 393 1803 dous
426 1764 566 1802 menses
591 1768 698 1805 nullo
739 1766 923 1815 stipendio
953 1776 1133 1816 acceptm,
1161 1769 1219 1807 in·

106 1845 231 1883 gentes
262 1834 459 1873 seditiones
485 1845 703 1882 moverant,
731 1836 828 1885 regis
852 1837 977 1876 causae
999 1837 1150 1877 infestas
1177 1838 1213 1876 se·

105 1905 377 1954 praebuerant,
414 1905 585 1954 regiones
607 1907 885 1944 devastaverant
911 1906 1099 1956 urbesque
1130 1909 1218 1946 diri-¹

1099 1977 1100 1980 ’
1124 1990 1217 2027 pue*

144 2103 198 2138 (1)
219 2103 287 2132 vid.
311 2104 398 2138 Bor,
420 2104 482 2138 op.
505 2104 527 2131 1.
551 2102 636 2133 Libr.
661 2095 712 2133 1x'.
735 2104 793 2133 foi.
825 2102 890 2142 ης.
921 2120 956 2128 -
978 2100 1127 2142 nooft,
1153 2108 1214 2144 op.»

103 2155 126 2189 l.
147 2161 213 2195 pag.
235 2169 304 2196 449.
325 2159 371 2194 sq.

145 2216 200 2252 (2)
223 2216 292 2244 Vid.
315 2217 408 2250 Bor,
430 2216 490 2250 Op.
509 2217 529 2244 1.
548 2215 613 2245 Lib.
639 2217 692 2245 IX.
717 2225 783 2253 237.
808 2218 852 2253 sq.

141 2272 196 2307 (3)
222 2272 287 2301 Vid.
319 2272 417 2301 Lmen
439 2279 499 2302 cet.
529 2272 568 2300 11.
593 2275 661 2309 ⁶¹4·
701 2290 742 2300 —-
774 2278 876 2310 wag.
910 2277 968 2312 Op,
992 2277 1015 2304 1.
1046 2277 1117 2305 VII.
1145 2286 1212 2313 pac,-

108 2331 157 2363 ⁸7·
178 2329 223 2363 sq.

660 2397 692 2436 L
