1483 2860
297 704 1109 758 PRAEFATIO.

205 1173 368 1234 Natura
401 1192 582 1231 continuo
617 1192 831 1232 immensum
870 1205 1064 1234 numerum
1101 1196 1261 1238 substan-

150 1263 280 1301 tiarum
296 1290 310 1310 ,
337 1274 445 1309 quam
472 1261 627 1299 maxime
651 1261 899 1301 differentium
918 1291 932 1311 ,
960 1264 1146 1314 variisque
1171 1278 1260 1317 pro-

149 1330 370 1380 prietatibus
403 1330 646 1379 praeditarum
679 1341 804 1381 creat3
833 1333 1049 1373 hominibus
1079 1347 1168 1375 vero
1201 1338 1261 1376 in-

150 1400 298 1449 genium
333 1399 459 1447 dedit,
505 1408 548 1438 ut
589 1399 691 1438 hisce
724 1411 823 1439 recte
860 1403 917 1440 uti
955 1404 1121 1452 possent.
1182 1407 1262 1448 Illis

150 1479 274 1509 autem
305 1470 470 1517 utimur,
517 1469 578 1508 vel
610 1469 667 1509 uti
697 1481 742 1508 ex
777 1470 934 1520 benigna
959 1472 1126 1513 Naturae
1153 1486 1265 1517 manu

151 1540 264 1578 nobis
302 1540 453 1577 traditae
485 1547 599 1587 sunt,
644 1541 703 1577 vel
731 1539 842 1579 etiam
870 1542 949 1580 illas
978 1542 1018 1580 in
1052 1543 1159 1583 aliam
1185 1546 1267 1587 for.

153 1621 273 1656 mam,
323 1608 539 1657 artificiose,
587 1617 875 1649 transmutamus
895 1639 909 1659 ‚
947 1611 1186 1661 purificamus
1225 1623 1265 1655 et

152 1679 423 1726 nobilitamus‚
465 1690 510 1716 eo
543 1679 725 1727 consilio,
764 1689 806 1718 ut
837 1690 969 1719 nostro
1003 1682 1085 1721 usui
1121 1684 1265 1734 optime

150 1751 415 1799 respondeant.
467 1749 533 1787 Illa
568 1748 725 1788 mutatio
759 1750 979 1799 perficitur,
1015 1751 1090 1792 five
1118 1753 1263 1796 viribus

153 1828 305 1858 naturae
331 1818 494 1875 pfopriis
528 1830 573 1857 ex
606 1819 786 1858 industria
815 1829 942 1859 nostra
968 1821 1161 1871 excitatis,
1186 1823 1263 1864 five

154 1889 324 1929 humanis
357 1887 529 1926 manibus
545 1917 558 1936 ‚
584 1888 658 1927 five
684 1889 890 1938 machinis,
916 1899 1028 1939 atque
1059 1890 1109 1930 fic
1134 1905 1264 1941 porro.

207 1960 270 1998 Ad
298 1959 406 1997 istam
436 1968 556 1996 autern
594 1959 834 1997 mutationem
864 1971 959 2008 quae
997 1962 1170 2001 chemicis
1199 1974 1266 2002 na-

156 2037 262 2068 turae
290 2028 433 2067 viribus
468 2027 684 2076 perficitur,
716 2029 914 2078 praecipue
950 2031 1112 2079 pertinet
1149 2042 1268 2072 trans-

156 2098 312 2137 mutatio
343 2099 604 2136 nonnullarum
634 2097 914 2139 substantiarum
949 2102 1207 2151 vegetabilium
1224 2103 1265 2143 in

157 2168 285 2206 vinum
304 2194 316 2214 ‚
343 2167 512 2214 alcohol,
540 2169 747 2207 cerevifiam
785 2179 821 2209 et
847 2181 1015 2220 acetum,
1049 2173 1153 2220 quod
1180 2175 1269 2214 ulti-

158 2248 259 2276 mum
296 2235 493 2284 multiplici
518 2237 585 2275 usu
607 2239 812 2288 Chemico,
841 2240 1095 2280 Oeconomico
1122 2251 1158 2281 et
1182 2245 1267 2283 Me-

158 2307 243 2346 dico
278 2306 427 2345 eminet.
481 2307 571 2346 Non
612 2308 724 2357 igitur
760 2309 892 2349 mirum
923 2311 1096 2362 videtur,
1146 2312 1271 2353 Nobi-

679 2378 714 2416 Α
742 2391 764 2416 2
1206 2381 1270 2422 lis-
