1560 2860
315 269 372 314 ω
494 250 498 257 ’
680 269 1066 314 onArlo

315 411 604 469 plinarumque
644 411 822 454 cultores
866 408 1056 469 corporis
1093 408 1198 450 mala
1248 407 1432 451 habeant

317 500 365 530 ac
396 486 586 540 dolores3
606 487 858 544 gaudeamus
890 493 1060 545 oportet
1092 485 1299 544 profecto,
1317 485 1434 528 Aca-

319 563 476 606 demiac
506 562 628 606 Cives
660 563 913 606 ornatissimi
937 577 986 606 ac
1022 561 1292 611 nobilissimi!
1316 561 1432 618 quod

319 639 512 682 Vestrum
542 640 707 697 plures,
741 640 811 696 qui
854 639 976 683 variis
1017 639 1148 683 hocce
1172 652 1282 682 anno
1313 654 1436 682 mor-

320 716 386 759 bis
426 716 730 769 decubuerant,
762 720 887 773 atque
914 716 958 759 in
986 716 1051 759 his
1078 716 1105 758 ii
1132 715 1255 759 etiam
1277 746 1289 767 ‚
1322 728 1434 771 quo-

320 808 413 836 rum
449 792 554 836 vitae
584 792 690 837 adeo
726 793 992 836 timueramus
1013 824 1024 844 ‚
1070 792 1107 835 ei
1133 791 1217 848 jam
1256 791 1435 835 restituti

321 867 404 912 sint
439 868 607 912 sanitati
644 883 693 911 ac
723 868 883 927 vigori,
914 876 999 925 quo
1026 883 1096 913 eos
1140 882 1230 911 cum
1258 868 1440 913 maxime

321 951 483 988 utentes
523 943 818 1002 conspicimus.
896 944 1009 996 Quas
1049 943 1177 985 animi
1218 943 1439 1001 corporis-

326 1035 407 1076 que
447 1020 556 1064 vires
601 1028 646 1063 ut
689 1027 729 1062 et
772 1019 866 1071 his,
907 1026 947 1062 et
979 1032 1079 1062 vero
1121 1019 1253 1063 Vobis
1297 1018 1439 1062 omni-⁴

324 1097 404 1140 bus
453 1103 671 1141 conservet
721 1102 953 1154 augeatque
1004 1096 1167 1139 Numen
1208 1095 1406 1139 Divinum
1424 1127 1436 1146 ‚

325 1188 410 1217 non
439 1173 577 1219 Vestri
605 1172 765 1230 magis,
798 1187 924 1229 quam
954 1172 1119 1216 Patriae
1143 1187 1193 1216 ac
1218 1172 1440 1216 Societatis

325 1250 590 1294 Christianae
628 1250 803 1302 caussa,
835 1256 1030 1308 optamus
1058 1251 1440 1307 vovemusque!·-

325 1329 623 1372 Verumtamen
648 1341 728 1370 nec
761 1327 955 1369 Vestrum
983 1326 1185 1371 Ordinem
1208 1334 1344 1371 morte
1371 1327 1444 1370 in·-

327 1412 483 1449 tactum
539 1403 754 1461 adspicere
807 1403 909 1446 mihi
961 1403 1082 1446 licet!
1276 1403 1446 1461 Lugetis

331 1481 469 1532 enim,
513 1488 554 1523 et
599 1480 825 1524 Vobiscum
862 1494 940 1524 nos
980 1481 1166 1537 lugemus
1195 1480 1319 1524 binos
1348 1494 1447 1524 eos-

333 1574 413 1615 que
439 1559 623 1617 optimos
649 1559 853 1610 Juvenes‚
887 1559 1110 1602 Jellium
1145 1559 1376 1603 Postma
1406 1566 1447 1603 et

331 1636 656 1680 Johannem
698 1635 974 1678 ,Iacobum
1015 1635 1446 1695 Metelerkamp3

334 1722 532 1770 quorum·
563 1713 629 1755 ille
660 1713 770 1755 lenta
825 1712 921 1755 tabe
963 1712 1184 1755 exhaustus
1206 1743 1217 1764 ,
1259 1712 1329 1756 hic
1352 1727 1449 1756 ’νε-’-

335 1788 633 1832 hementissimi
670 1788 811 1833 morbi
854 1788 893 1832 vi
929 1795 1054 1844 atque
1090 1788 1174 1832 ictu
1197 1788 1451 1848 necopinato

335 1849 600 1924 prostratim,
621 1865 747 1909 rebus
774 1865 966 1908 humanis
991 1873 1155 1924 ereptus
1180 1873 1254 1910 est.
1316 1866 1453 1911 Uter-

339 1957 419 1999 que
466 1956 552 1985 non
592 1942 785 1986 Vestrum
831 1949 992 1985 tantum
1033 1942 1223 2001 pluribus
1263 1943 1446 1996 amicus,

339 2019 413 2062 sed
458 2018 580 2062 nobis
632 2018 754 2062 etiam
787 2019 1138 2077 Praeceptoribus
1180 2032 1302 2063 carus
1345 2025 1450 2062 erat.

341 2096 390 2139 ln
443 2103 621 2151 utroque
660 2103 699 2138 et
733 2095 930 2153 pietatem
969 2095 1012 2139 in
1058 2095 1193 2139 Deum
1236 2095 1454 2140 homines—

343 2188 444 2230 que,
477 2180 516 2216 et
543 2172 768 2216 Sacrarum
797 2172 1029 2216 Literarum
1066 2187 1249 2216 amorem
1284 2187 1456 2217 earum·

343 2265 448 2306 que,
465 2263 545 2309 pro
568 2249 735 2307 juvenili
762 2249 929 2306 quidem
954 2256 1106 2302 aetate,
1138 2248 1330 2308 peritiam
1346 2262 1456 2308 pro-

342 2316 550 2372 bavimus,
598 2326 812 2384 Uterque,
842 2327 1105 2385 Theologiae
1128 2327 1213 2384 jam
1237 2325 1457 2371 Candida-

1402 2402 1457 2445 tis
