1560 2860
482 280 873 329 ORATIO.
1175 287 1227 333 17

114 423 495 467 Monotheismum
522 435 573 466 ac
586 424 955 479 Polytlzeismum
966 455 980 478 ‚
995 423 1133 469 media
1157 425 1232 470 in..

112 499 285 556 terjacet
321 499 663 544 Zoroastris
705 500 964 558 aliorumque
1001 503 1231 562 quamplu-

109 575 314 621 rimorum
342 577 534 620 doctrina
560 577 612 621 de
640 579 814 620 duobus
830 609 843 631 ,
874 585 1045 622 aeterno
1079 592 1222 624 secum

109 651 287 699 invicem
314 653 540 697 certamine
568 653 929 708 conflictantibus,
943 658 1222 713 Principiis.

110 729 248 787 Atque
273 730 386 774 haud
418 728 538 774 valde
572 729 736 775 diversa
771 731 960 786 ratione,
990 732 1100 777 inter
1126 747 1223 789 eos,

113 806 185 864 qui
220 806 492 865 primigeniae
530 806 654 850 etiam
679 805 858 852 universi
885 813 1109 852 materiae
1134 810 1228 855 ori-

111 884 247 943 ginem
275 900 324 928 ex
347 884 480 928 libera
505 883 668 928 Summi
691 884 881 929 Numinis
914 886 1127 931 voluntate
1151 902 1225 932 re-

110 962 332 1020 petebant,
364 969 404 1005 et
426 962 535 1005 inter
560 975 657 1013 eos,
686 961 759 1018 qui
785 965 946 1004 mundi
967 966 1225 1007 aeternita-

111 1047 202 1081 tem
232 1037 582 1097 propugnabant,
627 1036 787 1081 medios
823 1036 1044 1084 incessisse
1080 1040 1227 1086 Neo-

110 1114 436 1173 platonicos
475 1113 666 1157 novimus
707 1113 895 1171 aliosque
931 1116 1105 1170 multos,
1147 1117 1222 1174 qui

109 1205 159 1235 ex
188 1190 282 1235 Deo
325 1195 560 1233 emanasse
595 1203 668 1233 seu
703 1190 909 1235 effluxisse
940 1192 1081 1235 omnia
1103 1193 1225 1238 affir-

107 1275 285 1313 marent.
315 1290 368 1300 -
400 1266 679 1312 Attendamus
704 1267 875 1312 tandem
889 1299 903 1321 ,
935 1269 1153 1325 quomodo
1178 1270 1223 1314 in

107 1342 216 1398 hoc,
261 1359 384 1402 quem
424 1344 676 1398 lustramus,
707 1359 812 1403 agro
856 1344 1034 1402 jacentia
1079 1361 1226 1391 resur-

103 1429 235 1480 gant,
281 1436 386 1479 quae
428 1421 660 1465 defloruere
700 1421 985 1478 revirescant,
1032 1431 1224 1470 emortua

106 1499 150 1543 in
184 1499 310 1543 vitam
335 1503 594 1543 revocentur.
654 1498 767 1552 Ubi,
800 1498 964 1544 omissis
996 1500 1087 1545 aliis
1125 1514 1225 1545 om-

108 1576 257 1629 nibus,
290 1590 396 1632 quae
424 1575 496 1618 hic
518 1574 640 1620 vobis
666 1576 886 1620 obversari
914 1584 1047 1635 puto,
1078 1591 1224 1621 exem-

106 1653 215 1714 plis,
253 1667 383 1696 unum
423 1652 507 1696 hoc
559 1651 664 1696 mihi
715 1652 838 1697 liceat
878 1667 1221 1698 commemorare.

104 1729 272 1789 Quodsi
300 1728 647 1788 schellingii
677 1735 719 1772 et
748 1729 978 1787 Hegelii
1007 1729 1222 1789 discipulis

104 1806 221 1851 haud
261 1805 406 1866 paucis
448 1805 552 1850 fides
595 1805 793 1850 habenda
833 1806 914 1862 sit3
961 1809 1224 1862 absolutae,

107 1899 234 1942 quam
260 1890 440 1937 vocant,
470 1886 743 1927 Identitatis
769 1883 1030 1938 doctrinam,
1051 1884 1118 1929 his
1144 1885 1224 1929 de·-

85 1975 219 2017 ‚mum
260 1959 484 2019 postremis
521 1959 668 2015 annis,
700 1960 1030 2006 Duumvirorum
1057 1961 1225 2006 illorum

60 2053 66 2061 ·
102 2037 325 2082 cerebrum
370 2036 535 2082 enixum
574 2044 650 2082 est.
723 2036 811 2081 Sed
842 2037 1040 2094 quoniam
1058 2069 1071 2092 ,
1117 2053 1227 2095 quae

106 2119 264 2158 eadem
301 2114 346 2158 in
377 2115 539 2159 Natura
571 2114 680 2168 sint,
712 2128 915 2171 quaerere
948 2114 1030 2174 ipsi
1056 2122 1225 2172 amant;

107 2188 153 2234 in
177 2189 359 2235 Historia
387 2190 512 2235 etiam
552 2189 597 2233 id
623 2204 676 2234 ne
709 2189 920 2248 negligant
947 2189 1093 2234 velim:
1127 2205 1225 2234 nam

107 2264 207 2318 illa,
265 2281 389 2322 quam
438 2281 592 2311 novam
644 2281 735 2311 esse
774 2267 957 2324 jactant,
994 2267 1226 2326 sapientia,

108 2341 223 2399 quod
260 2341 322 2397 ,ad
367 2357 573 2389 summam
612 2343 674 2388 rei
720 2343 893 2402 attinet,
937 2348 1094 2388 eadem
1133 2351 1225 2397 est,

658 2420 695 2465 B
1073 2433 1226 2478 quam,
