1483 2860
295 219 325 277 ,ἡ
523 216 1178 257 INTRODUCTIO.

303 327 403 376 gua,
455 337 616 375 quorum
661 329 743 365 laus
785 335 938 374 propter
985 325 1239 364 inventionem
1282 327 1417 365 calculi

297 395 553 447 ,differentialis
570 424 584 444 ,
639 397 840 435 dummodo
885 395 1053 434 mathefis
1097 396 1241 434 honore
1292 396 1419 435 debito

303 466 530 512 afficeretur,
582 476 784 512 numquam
825 465 1005 515 exstingui
1039 466 1193 514 poterit.
1271 466 1419 504 Horum

305 548 379 586 ope
412 534 639 574 inventionis
676 534 843 573 omnium
872 536 1067 575 curvarum
1096 543 1288 584 tangentes
1320 534 1425 573 facil-

305 605 392 644 lime
419 604 724 644 determinantur.
785 617 787 619 ·

357 673 419 713 Ab
443 673 546 712 hisce
569 681 691 712 autem
727 659 939 713 Geometris
976 684 1053 712 non
1094 682 1238 712 tantnm
1281 672 1425 712 diverso

308 744 423 783 modo
467 743 778 790 inveniebantur,
830 741 891 781 sed
941 742 1048 781 etiam
1085 741 1425 780 confiderabantur.

306 813 470 861 Antiqui
506 813 700 852 Geometri
731 813 773 862 1)
810 812 1010 858 dixerunt,
1058 820 1266 860 tangentem
1293 822 1428 850 curvae

308 882 386 921 esse
418 883 550 922 lineam
581 892 745 930 rectam,
783 894 878 930 quae
910 882 1041 920 habeat
1077 890 1257 929 punctum
1293 891 1429 919 curvae

309 963 532 1001 commune,
583 953 634 991 ita
671 961 712 991 ut
750 952 846 990 inter
885 952 1022 990 hancce
1053 951 1183 989 lineam
1214 959 1350 988 rectam
1390 957 1428 987 et

309 1033 461 1061 curvam
489 1024 590 1061 nulla
626 1021 696 1061 alia
721 1030 820 1060 recta
852 1021 938 1060 duci
968 1020 1100 1070 possit.
1153 1021 1308 1059 Postero
1340 1028 1430 1057 tem-

308 1095 429 1142 lpore,
456 1103 551 1140 quo·
569 1091 733 1140 Algebra
768 1101 804 1128 et
832 1091 1048 1130 Geometria
1082 1090 1151 1127 alia
1171 1091 1215 1127 ad
1240 1089 1346 1128 aliam
1369 1100 1434 1137 ap-

310 1162 566 1212 plicarentur,
605 1161 797 1200 Geometri
830 1168 1022 1209 tangentes
1056 1159 1331 1198 confiderarunt
1358 1159 1431 1208 α),

314 1233 375 1270 vel
423 1241 599 1280 tanquam
654 1231 845 1278 secantes,
911 1242 1066 1278 quarum
1130 1217 1432 1269 interfectionum

314 1312 483 1351 puncta,
520 1313 616 1349 quae
651 1312 787 1340 curvae
821 1300 1031 1337 communia
1073 1299 1254 1347 habeant,
1295 1298 1437 1338 coinci—

316 1373 432 1420 dant,
480 1372 542 1410 vel
581 1379 755 1418 tanquam
784 1370 1002 1418 prolongata
1029 1371 1140 1407 latera
1171 1371 1239 1418 3),
1288 1369 1433 1406 Infinita

316 1453 429 1490 parva
456 1452 620 1487 curvae,
648 1452 742 1488 quae
770 1451 883 1478 curva
915 1448 992 1477 tum
1035 1439 1240 1476 habebatur
1263 1438 1339 1476 esse
1367 1450 1436 1487 po-

316 1513 499 1562 lygonum
530 1509 674 1549 infinite
705 1520 904 1559 parvorum
940 1511 1118 1559 laterum,
1171 1509 1231 1546 vel
1259 1517 1433 1556 tanquam

1303 1579 1436 1617 lineam

322 1679 402 1706 inter
423 1675 696 1706 Leibnitsium
726 1682 756 1703 et
788 1675 1027 1703 Newtonum
1059 1675 1220 1702 aemulatio
1254 1674 1367 1703 exstitit
1396 1676 1434 1703 de

320 1736 439 1764 honore
455 1733 666 1768 inventionis,
684 1733 721 1761 de
738 1740 796 1767 qua
816 1731 902 1760 vidd·
925 1733 1066 1766 Mont„
1088 1732 1128 1759 11.
1149 1739 1180 1766 p.
1201 1734 1255 1766 378
1268 1738 1298 1759 et
1311 1731 1431 1760 Comm-

321 1792 412 1828 epist.
442 1791 474 1820 in
499 1791 553 1819 Ne
566 1797 616 1820 wr
656 1798 709 1825 op.
740 1797 842 1824 omn.,
869 1789 958 1817 Tom.
981 1789 1036 1817 IV.
1061 1795 1127 1823 pag.
1153 1796 1220 1821 510.
1252 1788 1301 1816 ed.
1325 1788 1437 1816 Hors-

323 1852 402 1884 ley.
441 1848 564 1877 Deinde
589 1847 675 1876 hicce
701 1848 835 1875 calculus
864 1845 1012 1880 imprimis
1035 1853 1193 1880 promotus
1219 1853 1265 1873 est
1288 1854 1304 1873 a
1320 1846 1436 1875 March.

323 1907 363 1935 de
385 1904 547 1941 l’Hopital.
569 1913 585 1933 a
606 1903 749 1932 fratribus
775 1904 854 1940 Jan.
877 1909 908 1930 ct
927 1903 1007 1939 Jac.
1040 1901 1320 1931 Bernouilliis
1347 1909 1378 1930 et
1402 1900 1438 1931 ab

323 1961 544 1998 Huigenio.
586 1960 687 1990 conff.
709 1961 748 1987 de
775 1959 902 1987 historia
930 1959 1114 1993 tangentium
1143 1958 1353 1993 Analyse'des
1380 1960 1437 1990 inf.

325 2019 418 2056 petits
435 2020 472 2048 de
489 2017 662 2053 1’1-16pita1,
681 2017 804 2052 preface
828 2023 858 2044 et
879 2016 1046 2053 xluge1‚
1068 2017 1160 2046 Math.
1181 2012 1339 2047 warrens}
1361 2018 1440 2046 voce

325 2076 525 2105 Berfihrende
544 2074 640 2108 linie,
660 2081 727 2109 pag.
751 2080 820 2108 279.

365 2133 399 2167 ι)
418 2134 455 2162 E.
476 2140 505 2168 g.
528 2130 749 2165 Euclides,
771 2129 803 2158 in
823 2130 919 2159 Math.
943 2129 1014 2159 Lib.
1039 2130 1095 2158 111.

367 2190 404 2226 2)
424 2189 461 2219 F.
484 2197 513 2225 g.
537 2187 773 2222 eartesius,
794 2187 825 2215 in
847 2187 959 2216 Geom.
978 2187 1018 2216 11.
1045 2195 1074 2222 p.
1097 2196 1144 2223 39·

367 2249 402 2283 3)
422 2247 458 2277 E.
476 2254 504 2281 g.
526 2244 809 2279 Leibnitsius,
841 2243 870 2272 in
893 2244 963 2273 Act.
996 2245 1081 2272 erud.
1106 2252 1183 2273 anno
1212 2248 1296 2282 1684.
1320 2253 1351 2281 p.
1374 2239 1439 2279 585¹.

327 2312 357 2335 et
379 2306 439 2340 Op.
463 2311 544 2333 omn.
563 2301 616 2331 111.
641 2312 671 2340 p.
701 2309 766 2335 170.
1295 2306 1298 2308 ·
1341 2293 1343 2297 ’
