1560 2860
462 291 846 338 ORATIO.
1146 290 1202 336 M

109 429 260 474 mirum
289 428 334 473 in
370 429 541 474 modum
571 431 709 484 auxit,
755 438 795 476 et
841 445 891 475 ex
929 429 1084 474 insanis
1115 430 1215 475 fecit

111 506 334 551 insaniora.
390 507 428 551 A
457 506 742 552 Clemente
769 521 868 552 vero
899 513 941 552 et
969 507 1217 565 Origene

108 595 194 626 non
229 583 339 627 nulla
382 582 549 640 quidem
580 584 947 643 philosophema-ta
999 597 1221 629 commen-

114 657 214 702 data
252 659 517 718 reperiuntur
557 675 644 704 non
690 662 938 721 probanda:
969 664 1056 705 non
1104 675 1217 705 nun-

112 749 239 792 quam
293 736 402 781 enim
459 738 808 782 Alexandrinae
862 737 996 796 magis
1021 769 1033 792 ,
1091 753 1218 795 quam

115 813 402 862 Christianae
443 813 658 860 doctrinae
697 829 905 860 memores
945 829 1035 859 esse
1071 814 1226 859 viden-

112 893 194 932 tur.
267 887 352 932 Sed
391 889 627 948 ubicunque
661 892 844 935 Christo
878 891 983 936 duce
1020 897 1220 945 utuntur,

115 963 232 1018 quod
261 964 504 1022 plerumque
529 980 600 1010 eos
628 967 773 1012 fecisse
798 976 998 1028 apparet,
1027 976 1114 1012 tam
1137 983 1223 1028 pu—

117 1053 188 1082 ras
220 1053 421 1097 verasque
463 1048 504 1085 et
541 1042 735 1087 sublimes
765 1044 849 1089 Dei
885 1060 934 1089 ac
972 1060 1113 1089 rerum
1141 1045 1224 1089 Di-

118 1113 308 1158 vinarum
337 1116 530 1160 notiones
555 1118 784 1164 informant
804 1153 816 1174 ‚
847 1129 892 1165 ut
913 1122 981 1167 vix
999 1129 1069 1166 aut
1083 1136 1136 1166 ne
1155 1121 1224 1167 vix

118 1188 287 1246 quidem
314 1193 511 1238 credibile
534 1194 753 1250 videatur,
794 1196 942 1241 iisdem
985 1212 1056 1242 cos
1095 1199 1223 1253 olim,

121 1264 273 1320 quibus
300 1268 584 1314 Plotinum
611 1278 652 1315 et
691 1272 1115 1329 Jamblichum,
1157 1275 1231 1319 in-·

58 1330 60 1332 ’
120 1341 300 1388 nutritos
326 1345 453 1390 fuisse
476 1346 641 1405 placitis
669 1347 947 1408 philosophis.

175 1420 365 1465 Breviter
404 1429 451 1466 ut
485 1422 621 1467 dicam
665 1432 707 1469 et
743 1425 962 1483 uni⁴verse3
1010 1441 1095 1484 quo
1133 1426 1230 1472 dili-

122 1496 282 1553 gentius
313 1497 611 1557 Philosophiae
639 1500 691 1546 de
730 1501 824 1546 Deo
857 1503 1086 1548 Historiam
1122 1519 1236 1549 con-

124 1572 357 1626 sulueritis,
399 1575 650 1621 Auditores!
703 1591 753 1621 eo
790 1579 1034 1624 luculentius
1073 1580 1236 1625 confir-

124 1656 282 1693 matum
309 1650 529 1706 videbitis,
561 1653 702 1710 quod,
733 1661 829 1698 ante
866 1655 945 1700 hos
970 1670 1128 1714 paucos
1155 1671 1238 1702 an-

127 1740 207 1770 nos
222 1758 234 1779 ,
256 1726 467 1771 verissime
490 1728 593 1771 dixit
610 1729 646 1772 F
661 1745 719 1773 ra
733 1744 761 1772 n
776 1731 905 1774 ckiu
921 1747 941 1775 s
958 1765 970 1784 ,
997 1732 1102 1790 (33)
1128 1733 1238 1777 Phi-

126 1802 329 1861 losophus
356 1803 551 1861 idemque
566 1805 808 1864 Theologus
826 1807 1104 1854 Chiloniensis
1131 1824 1236 1855 acu-

127 1879 337 1942 tissimus,
390 1888 488 1939 post
527 1881 761 1927 Christi
801 1884 968 1929 demum
1014 1893 1237 1946 tempora,

129 1956 237 2001 bene
272 1956 534 2002 cohaerentis
574 1958 818 2019 disciplinae
847 1962 1051 2008 rationem
1082 1972 1123 2008 et
1159 1965 1241 2010 rite

132 2032 345 2077 definitum
381 2034 579 2092 loquendi
599 2051 719 2081 usum
757 2037 1014 2098 Theologiae
1053 2041 1243 2086 Naturali

133 2109 380 2156 constitisse.
464 2111 598 2157 Immo
635 2128 713 2172 per
754 2124 1034 2175 propagatam
1079 2126 1243 2163 tantum

137 2184 164 2228 J
180 2200 286 2230 esu.
310 2187 544 2232 doctrinam
597 2189 752 2235 factum
785 2207 875 2237 esse
910 2194 1153 2253 reperietis,
1196 2204 1244 2241 ut

140 2261 365 2318 sublimes,
407 2280 512 2322 quas
550 2266 622 2310 Ille
667 2266 720 2312 de
758 2268 879 2323 De0,
913 2270 1063 2328 quue
1100 2272 1245 2317 mundi

140 2338 365 2394 Creatore,
397 2341 700 2391 Conservatore
717 2376 730 2400 ‚
762 2345 1077 2403 Gubernatore‚
1121 2361 1245 2395 voces

1157 2423 1252 2471 εᾶὶ-ν
