1483 2860
446 194 882 244 JURIDICA.
1171 205 1219 249 67

106 310 142 340 et
165 314 232 340 cur
249 302 361 351 igitur
374 304 458 351 quis
474 303 591 352 magis
611 314 803 344 teneretur
823 308 869 346 ad
891 307 1050 345 dandum
1070 337 1082 355 ‚
1113 312 1215 356 quod

99 372 299 422 promisit,
328 385 436 421 quam
459 376 504 412 ad
530 374 785 423 praestandum
813 376 952 415 factum
983 379 1090 425 quod
1117 380 1154 417 in
1180 381 1217 418 se

98 441 294 491 suscepit?
322 444 468 491 Nequit
492 456 606 492 porro
637 446 800 483 creditor
820 457 954 494 cogere
975 447 1178 487 debitorem
1199 479 1211 496 ‚

97 520 140 549 ut
176 512 350 551 interesse
377 515 461 551 loco
497 513 586 552 facti
627 515 789 564 suscepti
823 516 966 566 solvat;
1005 530 1073 558 cur
1101 519 1215 568 igitur

94 581 157 619 hic
192 581 265 621 sese
305 583 476 622 liberaret
513 584 739 633 obligatione
774 585 837 625 sua
863 587 1036 626 interesse
1070 599 1212 628 tantum

91 638 336 701 praestando,
381 665 465 692 curn
508 656 670 693 creditor-
711 655 813 694 facti
847 658 1088 706 praestatione
1121 660 1216 698 indi·

93 729 177 772 geat
202 721 286 771 (1).
351 723 453 761 Haec
478 724 660 772 principia
694 725 847 766 sancivit
876 728 938 777 jus
972 728 1087 768 Rom.
1126 730 1214 768 licet

94 790 191 830 enim
226 792 326 841 leges
365 792 553 841 statuant,
580 794 739 843 aliquem
778 797 823 834 ad
859 797 1030 836 damnum
1054 807 1090 837 et
1116 799 1215 839 inte-

92 860 189 910 resse
224 862 462 900 condemnari
497 865 629 912 posse,
664 864 691 903 fi
716 866 856 906 factum
885 868 1108 916 promissum
1133 881 1213 909 non

93 930 276 978 praestet,
305 932 388 970 inde
417 942 539 972 tamen
567 945 644 973 non
665 935 831 984 sequitur
854 939 1132 986 promissarium
1159 941 1217 980 in-

95 999 175 1037 vito
203 1002 249 1038 ad
275 1001 313 1040 id
345 1004 432 1050 cogi
458 1003 593 1052 posse,
624 1014 664 1043 ut
691 1016 891 1047 contentus
925 1009 970 1048 fit
1005 1010 1219 1058 praestatio·

90 1079 137 1106 ne
177 1070 300 1108 damni
335 1081 371 1110 et
404 1072 604 1121 interesse,
632 1076 717 1123 quia
744 1077 844 1116 aliud
881 1090 951 1127 pro
985 1080 1059 1117 alio
1093 1080 1216 1120 invito

88 1139 269 1178 creditori
307 1141 458 1180 obtrudi
500 1144 656 1191 nequit,
698 1147 725 1184 1.
763 1160 802 1186 2.
830 1149 866 1196 §.
901 1162 936 1187 1.
968 1149 1011 1188 ff.
1053 1152 1098 1189 de
1131 1154 1212 1192 reb.

85 1209 187 1247 cred.
228 1209 346 1259 Quod
369 1212 415 1249 ad
439 1211 631 1252 vinculum
652 1215 748 1265 J‘uris
784 1227 971 1266 praeterea
995 1219 1092 1259 inter
1119 1223 1216 1261 obli·
1261 1220 1265 1224 ’

87 1266 272 1327 gationem
304 1281 350 1319 ad
374 1282 533 1321 dandum
568 1293 604 1322 et
632 1284 871 1336 faciendum,
900 1290 1046 1329 nullum
1075 1292 1212 1331 discri-

85 1359 170 1387 men
190 1348 332 1388 faciunt
361 1352 485 1400 leges,
513 1354 540 1392 l.
568 1367 590 1392 2
609 1363 645 1393 et
667 1367 731 1404 23.
759 1355 801 1395 ff.
820 1358 865 1396 de
879 1358 930 1398 Ο.
951 1368 987 1398 et
1011 1361 1064 1400 A.
1089 1362 1160 1412 (2)

133 1419 185 1457 H.
214 1420 450 1467 Aequitatem
466 1451 479 1470 ‚
496 1435 603 1470 quam
615 1424 690 1474 Jcti
704 1426 864 1465 Romani
879 1429 946 1468 hac
968 1429 1008 1468 in
1027 1441 1132 1479 parte
1153 1432 1207 1471 se-

82 1489 162 1526 cuti
184 1488 293 1538 sunt,
320 1500 490 1530 auctores
511 1494 653 1533 codicis
682 1508 835 1545 quoque
856 1498 1059 1540 servarunt.
1101 1503 1206 1550 Cum

87 1559 182 1597 enim
198 1570 306 1598 nemo
322 1562 367 1598 ad
379 1559 519 1600 factum
533 1564 618 1612 cogi
639 1564 756 1613 posfit
770 1578 843 1614 ‚ne
870 1568 918 1606 fic
944 1569 1107 1610 libertati
1130 1573 1207 1621 pri-

80 1637 252 1671 vatorum
279 1630 590 1680 impedimentum
636 1645 827 1684 ponatur,
867 1637 1074 1679 statuerunt
1111 1642 1207 1683 obli·

82 1699 267 1748 gationem
294 1700 453 1740 faciendi
479 1702 539 1740 vel
561 1714 638 1742 non
661 1704 849 1754 faciendi,
877 1707 902 1746 fi
928 1720 948 1746 a
974 1718 1079 1757 parte
1102 1711 1207 1749 debi-

79 1769 175 1807 toris
220 1770 319 1809 haud
355 1771 600 1821 observatur,
657 1775 782 1813 locum
819 1775 938 1816 facere
967 1779 1205 1827 praestationi

80 1838 204 1877 damni
225 1848 262 1878 et
299 1841 496 1890 interesse,
525 1852 594 1881 art.
623 1856 735 1892 1142.
789 1846 880 1885 Inde
910 1860 999 1887 vero
1026 1851 1204 1893 concludi

78 1909 211 1957 nequit
252 1910 344 1948 oriri
373 1923 418 1948 ex
464 1913 530 1951 hac
564 1913 816 1953 conventione
854 1915 1119 1966 obligationem
1151 1921 1205 1959 al-

78 1979 322 2027 ternativam,
361 1982 452 2019 adeo
493 1992 534 2020 ut
560 1982 636 2021 five
669 1983 810 2023 factum
849 1986 923 2025 five
961 1988 1132 2028 damnum
1163 1999 1201 2031 et

18 2066 27 2074 ·
78 2050 252 2089 interesse
284 2051 537 2099 praestandum
575 2053 635 2092 sit.
690 2055 730 2094 Si
763 2056 847 2103 quis
877 2057 974 2096 enim
1002 2059 1198 2109 impedire-

1136 2139 1198 2169 tur

118 2221 410 2260 (1)Gli1ck‚1.1.
434 2227 523 2255 Tom.
546 2228 599 2256 1V.
622 2236 654 2263 p.
677 2237 703 2257 α.
726 2228 755 2264 §-
778 2231 846 2263 316.

117 2278 172 2316 (2)
190 2280 562 2319 warnkoenig,1.1.
588 2285 675 2314 Tom.
698 2286 737 2315 11.
761 2292 804 2315 n⁰.
828 2288 898 2323 41⁶·

591 2341 676 2380 E2
