1483 2860
257 270 334 309 126
490 268 1154 319 COMMENTATIO

254 384 352 418 teret
373 388 488 428 quum
508 381 610 419 nulla
636 379 707 418 alia
740 378 883 418 rat10ne
893 379 1054 419 urbibus
1078 379 1224 419 animus
1242 378 1376 431 reddi,

248 447 429 498 civesque
461 449 508 488 ad
539 460 638 487 arma
666 448 834 487 revocari
872 447 982 498 posse
1007 449 1265 489 videbantur.'
1321 458 1324 459 ’

301 517 454 568 Quibus
472 517 589 556 literis
601 517 765 565 acceptis
784 546 797 565 ‚
809 517 852 556 G,
865 529 888 556 u
906 518 945 556 li
961 530 980 556 e
996 518 1059 556 lm
1075 529 1099 556 u
1112 529 1153 566 s,
1176 513 1381 567 cuiusanis·

251 598 335 626 mus
363 588 528 626 excelsus
558 587 598 626 in
629 588 902 626 calamitatibus
930 588 1070 637 semper
1095 587 1227 626 eximie
1260 587 1383 636 splen*

250 656 388 704 debat,
416 659 575 706 amplam
614 657 798 706 rescripsit
841 658 1070 707 epistolam,
1112 670 1224 707 quam
1260 658 1313 697 ita
1339 659 1381 698 in

248 727 560 776 compendiariam
585 726 746 766 formam
774 727 1009 777 redegimus:

303 806 330 844 ‚'‚
356 796 540 847 Quamvis
568 798 614 836 de
637 807 766 836 vestro
791 798 829 836 in
850 798 1008 837 verbum
1033 798 1202 838 divinum
1222 807 1260 838 et
1284 805 1381 837 rem-

251 891 278 915 „
303 866 494 915 publicam
532 878 657 906 amore
694 878 888 916 nunquam
922 867 1208 917 dubitavimus,
1257 869 1383 908 valde-

252 963 280 987 „
306 948 417 986 quam
455 937 591 975 mirum
630 938 742 977 nobis
789 938 955 987 accidit,
1002 949 1074 978 vos
1108 947 1265 988 propter
1304 938 1385 978 for·

251 1032 279 1056 „
305 1013 433 1046 t'unam
483 1008 669 1047 adversam
687 1036 701 1057 ,
754 1009 860 1047 omni
907 1009 971 1058 spe
1020 1009 1227 1058 excidere,
1267 1017 1381 1057 atque

249 1106 276 1129 ,‚
303 1090 410 1127 eam,
452 1091 527 1128 qua
568 1079 656 1118 olim
699 1087 895 1129 tantopere
938 1080 1168 1129 ponebatis,
1190 1078 1384 1119 fortitudi-

250 1174 278 1198 ‚‚
302 1160 386 1189 nem
426 1149 610 1190 amittere.
664 1149 853 1198 Omnem,
893 1161 968 1198 qua
997 1151 1212 1190 Harlemum
1239 1148 1382 1187 servare

250 1247 277 1270 ,‚
302 1219 523 1270 possemus,
553 1230 664 1270 opem
700 1221 960 1268 contulimus,
988 1231 1112 1267 neque
1137 1219 1246 1257 etiam
1281 1218 1382 1257 vitae

250 1315 277 1338 ,.,
303 1298 452 1328 nostrae
481 1301 552 1339 pro
579 1290 648 1328 hac
677 1289 770 1327 urbe
803 1289 1010 1339 periculum
1037 1288 1158 1328 facere
1195 1288 1384 1328 dubitavi-

251 1386 278 1408 „
303 1371 403 1398 mus.
457 1360 627 1408 Verum,
655 1359 827 1409 quamvis
865 1360 958 1398 hanc
997 1361 1128 1398 urbem
1163 1358 1276 1397 nobis
1304 1357 1381 1397 adi-

251 1455 277 1477 „
303 1441 402 1472 mere
443 1430 586 1469 summo
619 1429 779 1469 Numini
811 1429 1022 1478 placuerit,
1047 1433 1148 1468 num*
1182 1438 1381 1478 propterea

242 1516 276 1548 ¹„
303 1511 451 1539 omnem
476 1528 490 1548 ,
540 1512 649 1548 quem
684 1500 723 1537 in
768 1511 814 1538 eo
851 1499 1045 1548 posuimus
1082 1498 1181 1548 spem
1219 1498 1384 1537 dimitte-

249 1597 284 1619 „
301 1570 418 1609 mus?
447 1571 509 1609 An
532 1580 729 1620 propterea
756 1570 884 1609 divina
899 1571 961 1609 illa
981 1569 1149 1619 potentia
1173 1570 1375 1618 quicquam

249 1668 275 1690 „
299 1640 485 1679 diminuta
526 1640 615 1679 est?
671 1642 733 1681 An
769 1640 920 1680 ecclesia
959 1641 1028 1679 hac
1063 1651 1138 1680 una
1172 1639 1381 1680 calamitate

247 1737 273 1758 „
298 1711 345 1749 ad
375 1710 514 1750 exitum
545 1719 614 1749 est>
639 1711 819 1760 perducta
837 1711 856 1748 22
913 1710 1143 1751 Miserorum
1164 1711 1382 1750 Harlemens

248 1806 276 1829 „
299 1779 393 1820 fium
422 1779 555 1819 sortem
580 1781 819 1820 vehementer
850 1776 1114 1829 deploramus,
1160 1780 1379 1820 vei-umin—

248 1861 542 1898 „numerorum
587 1861 791 1901 martyrum
845 1851 995 1901 sanguis
1036 1851 1226 1890 Ecclesiae
1254 1851 1379 1891 *Chris

247 1919 436 1968 „stianae
477 1921 566 1959 olim
601 1932 757 1970 quoque
794 1921 945 1960 salutem
984 1921 1159 1961 reddidit.
1225 1922 1376 1972 Quare,

247 2017 273 2039 ‚‚
300 2003 418 2040 quum
433 1992 580 2029 hostem
598 2020 611 2039 ,
633 1993 735 2029 nulla
752 2000 914 2030 utentem
927 1991 1074 2041 justitia
1086 2019 1100 2039 ,
1126 1989 1378 2031 misericordia

249 2091 275 2112 „
299 2063 427 2111 nulla,
461 2063 545 2112 jura
575 2070 703 2100 nostra
729 2062 903 2100 invadere
941 2073 982 2100 ac
1025 2062 1166 2100 violare
1190 2070 1378 2100 nostram-⁵

249 2154 274 2183 ς,
300 2137 375 2181 que
408 2132 608 2183 perniciem
635 2131 759 2170 moliri
783 2131 974 2170 videamus
990 2161 1004 2180 ,
1033 2143 1162 2170 omnes
1194 2132 1292 2171 vires
1319 2132 1379 2171 in-

248 2199 275 2254 ,3
299 2188 449 2242 tendere
472 2194 678 2250 debemus,
698 2203 743 2241 ad
765 2199 910 2241 causam
939 2212 1110 2242 nostram
1142 2203 1291 2253 justitia
1315 2201 1375 2241 in·

251 2303 276 2323 „
296 2264 475 2314 nitentem
490 2302 503 2321 ‚
519 2273 695 2322 quamdiu
709 2274 914 2320 valeamus,
931 2274 1212 2312 defendendam.
1241 2272 1373 2316 Plures

253 2375 278 2396 ,‚
304 2345 418 2386 nobis
461 2343 655 2395 supersunt
688 2343 800 2383 urbes
822 2368 837 2392 ,
886 2343 1064 2383 Harlemo
1107 2341 1225 2392 magis
1262 2341 1372 2380 etiam

1242 2438 1270 2462 „
1293 2421 1378 2450 mu·
