1483 2860
334 452 612 494 CAPUT
659 451 1029 492 PRIMUM.

644 620 723 648 DE

174 759 306 790 Ασιῑτι
329 750 678 798 vnum-munus»,
701 760 833 789 noma
858 760 914 790 An
942 759 1060 789 usum
1085 759 1191 790 ouz-

276 830 424 860 mcuM
453 831 512 860 m·
541 830 854 861 oeconomcum
875 830 1113 861 anama-ts.
1161 809 1166 843 f

362 1129 683 1171 sssc'rlo
732 1107 1017 1195 1³}R1MA.

490 1273 551 1312 De
577 1282 678 1314 aceto
709 1286 729 1313 e
761 1277 861 1315 vino.

170 1398 330 1461 Coctio
368 1406 466 1464 dceti
501 1430 524 1458 e
562 1420 653 1459 vino
692 1418 933 1469 potissimum
964 1428 1024 1460 est
1061 1429 1241 1471 quaestus

50 1485 54 1487 ’
120 1487 267 1527 illarum
301 1488 496 1536 regionum
510 1515 526 1535 ‚
565 1499 660 1536 quas
695 1488 842 1527 Natura
873 1490 970 1538 situ,
1004 1489 1073 1529 soli
1112 1490 1240 1532 indole

119 1566 158 1598 et
190 1557 338 1596 climate
367 1558 415 1610 ad
441 1555 533 1596 vitis
564 1557 749 1596 culturam
784 1557 887 1606 quafi
913 1558 1114 1599 destinasse
1138 1560 1244 1601 vide-

123 1636 214 1677 tur,
234 1626 408 1679 partium
438 1637 527 1677 ergo
551 1626 730 1676 Europae
761 1628 1086 1683 meridionaliumg,
1124 1637 1240 1680 atque

120 1698 268 1746 quidem
296 1696 508 1738 suavisfima
536 1705 616 1745 est,
639 1707 735 1745 quae
758 1709 813 1750 ‘ex
842 1697 901 1737 his
933 1698 1033 1739 vinis
1061 1708 1237 1750 paratur,

119 1768 214 1807 aceti
244 1767 416 1807 varietas.
495 1765 749 1806 Meracisfima
781 1775 905 1807 autem
941 1767 1028 1817 vina
1062 1768 1238 1811 acertima

123 1847 228 1877 aceta
265 1848 439 1888 generare
484 1836 603 1876 solent
621 1867 633 1884 ,
682 1835 820 1876 debilia
855 1843 978 1877 autem
1014 1836 1056 1876 in
1089 1847 1237 1880 acetum

124 1907 219 1947 verti
250 1906 410 1957 possunt
438 1906 500 1946 sed
530 1905 652 1946 debile
685 1914 724 1945 et
755 1906 856 1946 iners
884 1907 955 1957 1),
981 1913 1094 1956 atque
1117 1909 1240 1948 diver-

124 1974 180 2014 sas
212 1976 460 2025 proprietates
490 1975 602 2017 habet
631 1984 776 2016 acetum
807 1987 878 2027 pro
911 1976 968 2016 uti
989 1988 1123 2030 nempe
1147 1991 1240 2030 pro.

122 2045 246 2085 veniat
282 2057 328 2085 ex
358 2047 448 2086 vino
471 2047 587 2097 magis
614 2047 787 2088 minusve
817 2048 1028 2089 alcoholico
1046 2077 1061 2100 ,
1093 2051 1237 2090 colora·

1156 2129 1226 2170 to,

161 2225 195 2262 ι)
213 2224 255 2254 Η.
273 2224 510 2261 Boerhave,
529 2224 621 2254 elem.
641 2223 761 2261 chem„
781 2224 821 2256 ι.
843 2225 881 2255 Β.
901 2225 961 2256 ΔΘ.
983 2233 1068 2263 ¹732·
1088 2225 1180 2261 Tom.
1190 2227 1230 2259 11.

118 2288 185 2318 μς.
209 2288 277 2315 107.
