1483 2860
239 243 319 298 ·⁶.6
488 234 1154 290 COMMENTATIO

246 378 276 400 ‚,
304 347 586 400 praesentiarum
613 346 724 394 dedi,
750 354 874 385 tutum
903 353 960 384 est
990 343 1200 383 confilium.
1257 342 1366 393 Quae

250 448 283 469 ‚,
310 431 400 458 vero
415 418 526 457 vobis
542 416 682 466 optima
702 415 946 462 videbuntur,
960 415 1062 453 Deus
1071 412 1370 465 secundet<1).''

304 490 408 528 Haec
438 487 751 528 Gulielmus.
790 486 991 524 Caeterum
1022 483 1060 521 in
1101 484 1173 522 hoc
1202 492 1370 521 conven-

248 567 292 597 tu
329 561 420 597 haec
458 557 535 595 fere
560 566 634 594 una
658 556 860 604 eademque
884 554 1051 593 omnium
1078 563 1155 594 erat
1176 565 1280 601 vox,
1305 553 1371 592 de-

248 636 348 666 creta
369 634 500 665 contra
523 624 729 664 haereticos
746 635 824 662 non
848 624 1002 662 omnino
1031 624 1180 673 quidem
1205 621 1374 674 rejicien-

244 698 320 746 da,
353 696 415 735 sed
439 696 671 744 aliquatenus
697 694 898 742 mitiganda
934 695 1029 734 esse.

297 768 430 808 Paullo
459 774 548 817 post
572 766 667 804 hanc
698 764 991 804 conventionem
1016 763 1178 803 Nobiles
1210 761 1381 801 foedera·

253 838 311 885 ti,
346 836 568 876 Henrico
618 835 944 879 Brederodio
974 835 1109 889 duce,
1161 833 1377 882 Bruxellam

251 901 433 946 venerunt
452 906 698 954 libellumque
723 905 926 954 supplicem
953 904 1278 954 Margaritae
1304 902 1376 941 ob·

253 978 436 1016 tulerunt.
489 977 628 1027 Quae,
669 975 736 1013 ubi
766 986 844 1013 non
881 987 946 1024 ea,
979 985 1075 1023 quae
1109 978 1378 1025 exoptaverant

254 1047 466 1096 respondit,
479 1058 622 1086 novum
636 1046 804 1085 libellum
815 1044 1074 1085 confecerunt.
1103 1043 1270 1083 Tandem
1285 1051 1377 1090 vero

1315 1123 1380 1150 co-

292 1224 487 1264 (2)vi‹1eat.
522 1225 784 1261 Burgundus‚
814 1225 876 1261 op.
897 1225 920 1254 1.
952 1232 1018 1260 pag.
1046 1233 1097 1260 72·
1124 1225 1190 1260 sqq.
1219 1235 1261 1250 -ι
1285 1222 1381 1253 conf.

257 1283 383 1313 omnino
402 1283 555 1318 Hooft,
577 1284 637 1318 Op.
655 1283 679 1311 l.
697 1282 772 1311 Vol.
790 1283 815 1310 Ι.
843 1289 910 1317 pag.
931 1288 981 1319 74.
1011 1281 1064 1317 qui
1087 1282 1200 1310 hancce
1223 1279 1386 1310 Guliel-

253 1341 303 1377 mi
328 1340 500 1373 orationem
532 1338 753 1374 elegantisfimo
781 1339 921 1367 sermone
957 1339 1103 1368 reddidit.
1139 1342 1380 1374 Wagenaar‚

257 1399 317 1434 Op.
352 1399 375 1427 1.
404 1399 456 1427 VI.
479 1406 547 1436 pag.
577 1400 644 1432 138.
680 1395 883 1426 Gulielmi
911 1396 1082 1425 orationem
1116 1403 1132 1424 a
1165 1394 1383 1430 Burgundo

254 1455 414 1484 conflatam
449 1462 481 1484 et
516 1455 551 1483 ab
583 1454 715 1483 Hooft
728 1453 767 1482 io
805 1453 957 1488 Belgicam
999 1453 1108 1481 factam
1142 1451 1250 1480 censet
1289 1451 1382 1487 eique

265 1513 341 1540 adeo
377 1506 602 1540 nullam'fidem
623 1511 740 1540 tribuit.
780 1512 898 1540 Verum
920 1510 988 1539 esse
1016 1509 1158 1544 videtur,
1178 1511 1254 1538 hanc
1274 1507 1389 1538 oratio-

265 1573 336 1597 nem
362 1575 393 1597 et
428 1577 444 1597 a
478 1569 696 1604 Burgundo
733 1575 764 1596 et
803 1568 839 1596 ab
875 1567 1055 1597 Hoostio
1084 1567 1271 1603 aliquantum
1305 1574 1393 1596 orua-

268 1632 328 1654 tam
353 1626 438 1659 esse;
456 1625 509 1653 sed
534 1633 701 1662 propterea
729 1633 793 1654 non
819 1625 945 1654 omnino
973 1624 1043 1654 ficta
1069 1624 1197 1654 dicenda
1218 1632 1277 1655 est.
1299 1625 1390 1653 Bur-

266 1689 312 1725 gu
325 1684 423 1711 ndus
447 1691 533 1719 eam,
553 1690 586 1711 ut
604 1683 747 1717 videtur,
768 1690 808 1711 ex
831 1682 872 1711 Vi
885 1682 961 1717 glii
982 1682 1099 1711 schedis
1120 1682 1232 1718 petivit
1250 1689 1282 1711 et
1297 1679 1390 1720 igitur

268 1736 328 1764 fide
362 1737 468 1770 dignu.
498 1747 557 1769 est.
604 1742 682 1778 Nam
720 1739 810 1774 Vigl
823 1738 861 1767 iu
875 1747 888 1767 s
912 1738 977 1774 ipse
1013 1738 1086 1767 huic
1118 1737 1252 1766 concilio
1281 1737 1390 1765 adfuit.

272 1792 347 1822 Vici.
378 1793 538 1829 Nalezing
564 1800 597 1829 op
630 1798 683 1821 het
709 1797 754 1822 IV
780 1796 861 1822 Deel
893 1803 953 1822 ναη
987 1796 1087 1828 Wag.
1115 1802 1183 1830 pag.
1224 1803 1273 1828 50.
1311 1794 1391 1824 Mihi

274 1849 398 1885 quidem
421 1850 641 1885 Hooftius‚
664 1851 920 1885 Bur-gundum
944 1849 1064 1879 secutus
1089 1851 1154 1880 esse
1172 1859 1236 1880 non
1253 1851 1389 1884 videtur.

277 1906 380 1935 Credo
406 1905 507 1941 potius
538 1914 700 1941 utrumque
725 1915 764 1934 ex
790 1909 894 1935 eadem
925 1909 1012 1936 fonte
1043 1905 1244 1937 Gulielmi
1272 1909 1393 1939 oratio-

276 1970 347 1991 nem
365 1962 532 1998 petivisse,
556 1964 638 1998 quod
658 1971 696 1991 ex
717 1963 901 1994 comparatis
920 1964 1079 2000 utriusque
1104 1966 1236 1995 auctoris
1248 1967 1396 1997 orationi·

275 2019 331 2047 bus
351 2020 439 2047 facile
459 2027 594 2054 apparet.
638 2019 760 2048 Etenim
773 2040 783 2054 ,
806 2022 889 2056 quod
910 2022 946 2050 ad
967 2030 1174 2057 argumentum
1198 2024 1305 2054 attinet
1327 2007 1395 2054 fere

274 2076 482 2105 conveniunt:
503 2077 585 2111 quod
612 2084 688 2106 vero
708 2078 744 2105 ad
770 2079 863 2107 verba
889 2085 1018 2114 uterque
1046 2081 1112 2109 suas
1141 2081 1274 2111 rationes
1303 2083 1390 2112 secu-

275 2141 363 2162 cutus
373 2133 437 2162 esse
449 2133 583 2162 videtur.
605 2134 785 2169 Caeterum,
804 2136 832 2164 H
844 2137 930 2165 ooft
944 2136 982 2165 iu
994 2145 1022 2166 m
1042 2145 1081 2166 ex
1098 2140 1305 2174 Burgundi
1321 2147 1396 2176 ope-

274 2198 310 2219 re
329 2191 486 2220 historiam
515 2190 596 2219 suam
621 2191 749 2220 haufisse
774 2201 836 2222 non
864 2194 1027 2224 verifimile
1044 2202 1112 2232 est,
1136 2196 1280 2232 quoniam
1305 2197 1397 2233 hujus

275 2247 322 2276 rei
347 2247 459 2276 nullibi
474 2247 668 2282 >offendimus
686 2250 826 2286 vestigia.
