1483 2860
449 182 885 234 JURIDICA.
1183 197 1231 238 23

111 300 241 343 «partes
261 302 388 342 gerere
403 292 477 332 fibi
499 301 745 343 proponunt3
772 304 852 341 quo
880 293 995 332 modo
1018 292 1115 332 enim
1137 303 1231 332 con·

108 363 236 402 sensus
270 362 454 411 praesumi
486 372 640 412 potest,
685 363 713 402 ss
740 375 814 402 una
853 375 939 413 pars
978 364 1054 401 alio
1085 365 1228 411 modo,

106 433 226 472 altera
254 433 330 471 alio
364 433 435 473 sese
461 434 627 482 ob1igare
657 434 868 473 constituit.
920 434 1038 473 Porro
1062 433 1088 472 fi
1125 445 1229 473 error

109 502 278 541 versatur
307 503 403 542 circa
433 502 665 543 substantiam
716 504 796 553 rei,
833 515 927 553 quae
965 504 1230 543 conventionis

111 580 170 613 est
195 574 385 624 objectum
402 603 415 622 ‚
449 575 603 613 vitiatur
626 575 713 613 item
745 574 962 613 conventio.
1017 575 1139 613 Error
1167 575 1232 615 Ve-

108 651 156 681 ro
192 643 232 680 in
258 644 410 692 persona
439 645 544 683 causa
577 655 655 683 non
691 654 748 684 est
779 646 996 693 immtatis,
1019 646 1088 685 nifi
1109 655 1232 685 certae

110 712 288 762 personae
315 713 481 763 respectu
517 723 732 754 contractus
756 716 802 755 fit
838 716 954 755 initus
987 718 1072 766 (1).
1125 717 1231 757 Prin-

108 783 208 832 cipia
232 785 321 823 haec
353 797 374 823 a
404 786 488 835 jure
524 786 576 824 R.
608 786 743 825 sancita
782 788 901 826 codex
934 787 1061 826 civilis
1093 788 1233 828 confir-

110 848 252 902 mavit,
281 856 386 902 quod
419 864 519 904 patet
546 856 670 895 lucide
699 868 745 896 ex
781 866 854 897 art.
886 869 1006 905 1110,
1035 859 1101 907 qui
1128 866 1233 898 error

109 921 140 962 fi
159 923 198 961 in
229 924 481 963 conventione
513 926 703 974 occurrit,
730 938 808 965 eam
832 938 911 965 non
932 928 1052 967 reddit
1069 927 1150 977 ipso
1172 930 1234 980 fu-

110 1000 153 1031 re
184 995 322 1033 nussam
338 1022 352 1042 ,
379 995 441 1032 sed
461 995 624 1034 nullitati
657 995 733 1035 ssve
758 996 969 1036 rescissioni
997 998 1124 1037 locum
1148 992 1238 1039 facit

109 1073 142 1105 a.
172 1074 269 1111 1117
297 1065 384 1113 (2).
1146 1107 1153 1115 ,

158 1131 283 1171 Dolus
306 1141 426 1171 autem
457 1144 538 1172 non
562 1134 614 1173 ita
637 1135 788 1174 videtur
814 1136 1007 1176 consensui
1026 1138 1232 1189 adstrati,

107 1210 156 1241 ut
199 1200 303 1241 uuila
348 1204 553 1242 conventio
603 1206 738 1245 valeat.
816 1207 1027 1246 Discrimen
1079 1208 1151 1247 hac
1190 1195 1234 1249 in

107 1281 151 1312 te
177 1271 264 1323 j'ure
287 1272 339 1311 R.
363 1273 506 1312 faciunt
530 1274 628 1312 inter
654 1274 777 1313 bonae
813 1275 901 1315 fidei
924 1285 962 1315 et
989 1276 1102 1317 stricti
1133 1279 1231 1328 iuris

108 1351 326 1382 contractus
342 1371 356 1391 ,
383 1344 487 1393 quod
509 1345 606 1383 enim
639 1345 772 1384 attinet
794 1346 841 1385 ad
869 1356 1085 1387 contractus
1112 1347 1232 1389 stricti

105 1413 202 1463 §uris
214 1412 231 1461 ‚'
243 1415 370 1452 valent
391 1414 430 1452 hi
444 1442 459 1462 ‚
481 1413 557 1453 five
580 1415 692 1454 dolus
705 1415 751 1454 fit
773 1415 941 1456 incidens
963 1417 1039 1456 five
1059 1429 1230 1459 contrane

105 1484 165 1522 tui
196 1482 342 1522 causam
373 1484 546 1533 dederit,
581 1496 665 1523 nam
704 1489 859 1526 Praetor
893 1487 933 1525 in
971 1487 1133 1528 formula
1157 1485 1229 1529 fibi

106 1550 298 1602 ptopofita
333 1561 477 1590 tantum
515 1553 697 1592 declarare
729 1563 895 1604 tenetur,
942 1568 988 1595 an
1027 1559 1228 1608 nogotium

102 1631 294 1671 peractum
330 1622 374 1660 fit
406 1633 474 1660 nee
506 1633 568 1662 ne.
588 1624 691 1663 Cum
717 1636 808 1663 vero
838 1636 950 1665 nemo
975 1638 1061 1666 cum
1092 1628 1229 1668 damno

103 1691 257 1733 alterius
297 1691 410 1730 debet
445 1691 696 1741 locupletari,
733 1695 884 1734 Praetor
920 1696 1116 1736 succurrit·
1140 1698 1231 1738 dan-

103 1762 154 1801 do
189 1762 251 1801 vel
283 1762 362 1800 doli
384 1762 569 1801 actionem
603 1764 664 1802 vel
691 1765 946 1813 exceptionem
993 1768 1124 1816 prouti
1162 1772 1228 1808 ne*

103 1833 251 1886 gotium
279 1842 469 1881 peractum
494 1832 542 1872 fit
576 1835 638 1873 vel
673 1833 813 1874 minus.
884 1829 929 1875 In
963 1836 1226 1878 contractibus·

102 1913 194 1942 veto
226 1902 346 1941 bonae
378 1902 467 1940 fidei
496 1903 734 1952 distinguunt
764 1906 945 1944 nonnulli
963 1906 1060 1945 inter
1093 1909 1227 1949 dolant

103 1972 312 2012 contractui
338 1973 481 2011 causam
506 1974 652 2012 dantem
673 1984 710 2013 et
730 1975 956 2016 incidentem
972 2005 985 2025 ,
1013 1990 1096 2017 nam
1110 1981 1222 2020 dolus

113 2042 325 2082 contractui
353 2043 393 2082 b.
421 2041 452 2099 f?
481 2043 623 2084 causam
650 2045 742 2104 dans
778 2046 885 2086 illum
914 2048 994 2097 ipso
1017 2050 1224 2101 jurereddit

1135 2122 1227 2166 nul·

141 2217 197 2255 (ι)
217 2218 287 2250 vid.
306 2221 599 2261 warnkoenig,
626 2227 653 2256 1.
671 2225 693 2255 1.
711 2224 749 2255 T.
769 2233 800 2256 α.
819 2224 867 2256 n⁰0
883 2229 962 2264 468..

141 2274 196 2313 (2)
215 2276 442 2310 nazanzon.
466 2280 555 2311 unite
581 2283 634 2312 ates
652 2283 814 2320 Connus,
835 2280 929 2314 Tom-
945 2279 972 2314 1·
990 2286 1037 2316 α’.
1054 2279 1110 2320 ’5η
