1560 2860
334 265 393 312 58
706 265 1092 311 ORATIO.

344 440 347 446 .
387 401 544 446 Verum
587 390 735 444 Vestra
790 399 940 456 saltem
968 396 1160 442 nomina
1212 410 1298 442 non
1351 398 1440 446 sine

332 477 729 523 commemoratione
755 475 856 518 mihi
884 475 1128 520 dimittenda
1156 481 1277 526 sunt,
1309 474 1443 519 Com-

332 555 540 599 militones
568 552 890 612 exoptatissimi!
924 552 995 609 qui
1020 550 1286 610 reportandis
1303 582 1314 603 ‚
1334 565 1442 608 quae

332 632 377 675 in
413 632 504 675 aliis
545 630 831 674 doctrinarum
864 628 1045 673 Sedibus
1084 628 1414 674 ostendebantur
1430 659 1442 681 ,

328 708 554 770 praemiis,
595 715 636 752 et
661 705 878 764 Vobismet
909 706 993 765 ipsi
1018 712 1058 750 et
1086 705 1232 749 huicce
1271 704 1445 748 Acade-

332 786 441 831 miae
496 786 623 829 decus
674 783 957 841 quaesivistis!
1015 781 1266 840 Hujusmodi
1302 775 1440 826 autem

331 863 423 920 laus
462 862 638 921 obtigit,
679 864 943 918 Groningae
987 859 1156 917 quidem
1172 891 1197 912 ,η
1226 860 1262 904 Β
1279 873 1445 902 aren-

332 940 419 998 tio
451 939 764 992 Rienstra,
801 938 958 995 scripta
1002 941 1057 980 de
1095 939 1309 979 doctrina
1352 937 1443 977 Sa-

333 1035 441 1061 crae
484 1019 655 1060 coenae
695 1013 1043 1058 commentatione
1083 1011 1313 1067 historica3
1353 1018 1442 1055 tum

330 1094 492 1139 Leodii
530 1092 855 1136 Hermanno
897 1090 1098 1143 Gunst,
1144 1088 1441 1132 mathematica

330 1170 473 1214 oblata
510 1167 799 1212 dissertatione
829 1170 884 1209 cle
916 1168 1148 1221 Cycloidc's
1173 1168 1440 1208 ordinariae

328 1246 699 1304 proprietatibus
714 1275 726 1298 ‚
757 1252 855 1286 tum
876 1245 1171 1299 geometricis
1186 1274 1197 1295 ,
1214 1251 1312 1285 tam
1345 1259 1444 1285 me-

333 1325 536 1366 chemicis
548 1342 569 1374 ,·
586 1322 688 1380 (38)
710 1320 878 1364 tandem
898 1321 1115 1376 Lugduni
1127 1323 1416 1363 Batavorum
1429 1351 1442 1373 ‚

332 1416 458 1458 quam
496 1413 582 1442 non
620 1397 806 1442 ultimam
842 1410 1171 1440 commemorare
1212 1395 1440 1440 debueram

331 1475 690 1529 Academiam,et
719 1474 1050 1518 Alexandro
1073 1473 1283 1516 Carolo
1314 1472 1445 1517 Gui-

329 1554 372 1598 li
387 1554 434 1599 el
447 1569 488 1597 m
500 1568 527 1597 o
554 1551 585 1595 S
598 1568 625 1596 u
638 1567 659 1596 e
673 1567 747 1595 rm
761 1566 784 1594 a
798 1566 846 1603 n,
863 1550 1019 1609 scripta
1034 1554 1088 1592 cle
1104 1553 1442 1605 IIygrometris

334 1629 682 1676 commentatione
698 1627 871 1687 physica
886 1659 897 1680 ,
913 1634 951 1670 et
969 1627 1007 1670 G
1021 1641 1042 1670 e
1057 1642 1077 1669 r
1089 1626 1117 1669 h
1133 1641 1157 1670 a
1174 1642 1194 1669 r
1207 1626 1235 1669 d
1248 1640 1274 1669 o
1302 1626 1342 1670 R
1357 1640 1378 1669 e
1390 1642 1444 1684 g-

332 1722 474 1752 nero
503 1707 764 1752 Fockens
782 1738 794 1757 ,
837 1703 1119 1748 astronomica
1162 1703 1321 1761 scripta
1353 1703 1445 1747 dis-

329 1784 573 1845 putatione,
604 1787 660 1825 cle
686 1783 944 1836 defini-enchi
973 1784 1104 1822 terni
1130 1783 1338 1837 marique
1368 1785 1444 1824 la-

332 1864 545 1906 titudine.
608 1859 768 1910 Immo,
800 1872 907 1914 quae
936 1872 1033 1900 rara
1073 1871 1173 1900 sane
1213 1864 1301 1901 erat
1326 1859 1444 1902 Aca-.-

333 1938 495 1983 demiae
533 1943 703 1980 nostrae
740 1934 911 1979 felicitas
926 1966 937 1986 ,
987 1933 1098 1977 idem
1141 1934 1443 1978 celeberrimo-

331 2031 426 2062 rum
452 2013 726 2073 Physicorum
762 2026 812 2055 ac
834 2010 1230 2055 Mathematicorum
1259 2011 1442 2055 Leiden-.

331 2092 438 2147 sium
468 2090 591 2135 Ordo
608 2121 622 2143 ‚
654 2088 725 2146 qui
753 2088 1059 2133 Suet-mannum
1096 2096 1136 2132 et
1162 2088 1442 2134 Fockensium

328 2175 577 2220 ornaverat,
609 2167 755 2210 eodem
779 2173 966 2223 tempore
985 2198 997 2218 ‚
1031 2166 1152 2210 tertio
1187 2166 1310 2210 etiam
1338 2180 1445 2210 nos-

331 2255 400 2291 tro
450 2245 541 2289 civi
590 2243 857 2288 ornatissimo
874 2275 886 2296 ,
947 2244 980 2287 P
997 2258 1019 2286 a
1039 2244 1130 2285 ulo
1185 2242 1256 2286 He
1272 2243 1442 2286 nrico

332 2324 556 2369 Hollem
572 2337 592 2365 a
611 2336 637 2365 n
655 2354 666 2375 ‚
715 2320 951 2379 proximum
996 2320 1189 2364 victoriae
1238 2320 1440 2366 honorem

1367 2397 1446 2440 lar-
