1483 2860
166 175 217 215 24
388 144 1089 219 ‘coM‘MENTArro

171 281 247 312 tem
278 270 519 321 quantitatem
551 270 742 310 fructuum
771 271 951 319 illorum,
978 259 1090 310 modo
1120 262 1194 322 jam
1227 273 1293 311 de-

174 341 312 391 scripto
356 341 624 389 contusorum,
677 352 723 378 ex
767 341 826 378 his
866 340 1014 379 succum
1049 332 1292 390 exprimendo

176 419 290 459 atque
326 419 492 450 mustum
531 411 604 448 hoc
630 409 742 447 modo
774 410 993 457 acquisitum
1026 410 1169 460 magnis
1195 411 1292 450 vafis

178 480 400 521 fulcimento
434 478 618 527 impositis
652 477 902 518 infundendo.
967 481 1111 529 Aperto
1148 480 1295 520 orificio

179 551 263 591 vasa
285 558 410 589 musto
434 549 574 597 repleta
603 546 674 586 fibi
697 548 979 597 relinquantur,
1007 558 1119 598 atque
1141 560 1242 588 nunc
1267 549 1296 588 fi

182 618 441 660 tantummodo
485 626 734 666 temperatura
781 617 858 655 loci
896 618 964 656 ubi
1012 619 1175 668 deposita
1216 618 1303 659 sunt
1359 616 1363 623 '

187 682 379 732 700—750
411 681 520 723 Fahr.
559 692 638 720 non
675 681 851 731 superet,
886 689 977 730 post
1011 694 1062 730 24
1098 684 1210 722 horas
1249 682 1308 722 vi-

190 752 280 792 nosa
322 751 558 796 fermentatio
604 750 760 800 incipit,
819 750 966 791 fibilum
1002 751 1079 790 edit
1112 760 1308 800 mustum,

191 830 307 870 atque
323 831 370 860 ex
391 820 485 859 vasis
514 818 661 868 orificio
688 822 814 868 spuma
838 818 970 868 sponte
996 820 1160 858 elevatur
1179 827 1216 858 et
1236 831 1305 869 gaz

196 890 342 930 acidum
369 889 612 929 carbonicum
637 889 850 937 evolvitur,
878 901 973 938 quae
992 888 1225 928 fermentatio
1247 901 1315 938 per

196 972 250 1012 5,
300 973 347 1001 10
385 960 448 999 vel
490 972 538 1009 14
572 959 652 998 dies
680 960 884 1008 perdurat,
934 970 1004 1008 pro
1034 967 1077 997 ut
1105 960 1222 1009 maJ‘or
1254 959 1317 998 vel

199 1032 323 1071 minor
343 1030 386 1070 fit
414 1030 529 1069 massa
559 1030 799 1069 fermentans.
854 1028 1025 1068 Tandem
1048 1028 1214 1078 expulsio
1242 1027 1319 1068 fae-

201 1102 258 1140 cis
285 1109 323 1139 et
344 1109 470 1140 motus
502 1099 806 1139 fermentatorius
832 1110 911 1138 non
941 1099 1101 1149 amplius
1124 1098 1324 1138 observan-

203 1180 269 1211 tur
296 1179 412 1219 atque
441 1170 570 1219 liquor
603 1169 756 1210 vinosus
797 1167 922 1208 factus
958 1179 1036 1218 est,
1090 1170 1172 1220 eJus
1210 1168 1321 1219 sapor

206 1240 441 1280 saccharinus
472 1240 650 1288 evanuit,
677 1240 740 1279 sed
762 1241 856 1278 odor
882 1248 919 1277 et
942 1240 1049 1287 sapor
1069 1239 1149 1278 vini
1175 1241 1215 1277 in
1241 1240 1322 1289 eJ'us

205 1311 334 1350 locum
358 1308 532 1348 veniunt.
587 1307 682 1347 Tale
703 1309 832 1346 vinum
871 1308 1014 1357 semper
1050 1309 1231 1356 quandam
1255 1320 1324 1358 gaz

208 1380 305 1420 acidi
329 1378 520 1419 carbonici
547 1378 790 1426 quantitatem
816 1377 977 1425 retinet,
1000 1378 1087 1417 hinc
1112 1377 1326 1416 facultatem

208 1450 324 1490 habet
346 1447 617 1498 spumescendi.

265 1518 308 1559 Si
340 1526 462 1556 autem
493 1527 537 1554 eo
568 1515 723 1555 consilio
749 1517 877 1556 vinum
907 1528 1125 1562 pomaceum
1152 1519 1332 1560 conficia-

215 1600 330 1636 mus,
356 1596 401 1627 ut
424 1587 558 1626 deinde
588 1586 628 1625 in
661 1596 804 1625 acetum
835 1595 1129 1636 transmutetur,
1158 1589 1216 1627 uti
1240 1601 1332 1638 pos-

217 1650 347 1699 sumus
377 1657 501 1707 pomis
531 1665 616 1696 ante
638 1657 885 1696 maturitatem
918 1658 964 1696 de
987 1658 1183 1697 arboribus
1211 1660 1338 1709 delap-

219 1729 284 1769 fis.
362 1728 470 1767 Duae
502 1726 668 1776 prostant
703 1728 817 1777 hujus
851 1727 932 1766 vini
964 1740 984 1766 e
1015 1728 1138 1777 pomis
1167 1728 1337 1780 species,

223 1800 338 1837 altera
371 1809 392 1836 e
418 1796 550 1845 malis,
588 1799 701 1836 altera
729 1810 750 1836 e
778 1797 914 1848 pyris3
942 1799 990 1837 fic
1024 1800 1133 1838 etiam
1162 1801 1255 1839 aceti
1277 1813 1342 1840 va-

224 1868 376 1907 rietates
399 1878 445 1906 ex
469 1868 528 1906 his
560 1875 707 1916 paratae
737 1866 890 1906 nomine
912 1868 1005 1906 aceti
1027 1869 1171 1907 e'malis
1193 1878 1230 1908 et
1260 1882 1344 1910 ace·

231 1938 263 1977 ti
297 1950 318 1977 e
347 1938 454 1988 pyris
487 1938 798 1987 distinguuntur,
827 1938 901 1976 illis
936 1938 1034 1977 enim
1065 1939 1103 1977 in
1130 1940 1253 1989 locis,
1275 1940 1344 1980 ubi

236 2010 331 2048 mala
353 2017 390 2047 et
402 2021 496 2059 pyra
522 2019 652 2058 magna
675 2007 883 2057 quantitate
904 2018 1102 2058 crescunt,
1128 2021 1174 2049 ex
1191 2010 1250 2053 his
1265 2022 1347 2050 ace-

233 2088 315 2119 tum
340 2079 548 2130 praeparari
580 2078 686 2119 solet.
1341 2121 1352 2126 K

285 2151 348 2192 Ad
370 2159 514 2190 acetum
543 2161 564 2188 e
591 2149 697 2188 malis
726 2148 999 2189 conficiendum
1030 2149 1196 2190 abhiberi
1225 2150 1345 2190 solent

235 2220 344 2270 vasa,
369 2232 465 2271 quae
487 2221 533 2260 ad
563 2221 638 2260 800
662 2220 823 2271 liquoris
848 2220 1024 2261 sextarios
1048 2220 1237 2261 continere
1258 2232 1349 2270 pos·

1241 2289 1324 2330 sunt
1335 2319 1354 2343 ,
