1524 2850
397 254 864 294 ORATIONEM.
1141 252 1190 293 97

83 370 168 409 tiam
192 379 233 406 ac
266 365 524 415 benignitatem
550 359 707 399 refutare
737 357 979 396 conabantur.
1032 353 1102 391 Sed
1124 361 1189 400 pet

83 434 412 489 praesentissimam
428 435 495 473 Dei
509 430 776 471 Providentiam
795 454 808 475 ,
823 426 961 464 factum
975 430 1055 471 est,
1067 431 1108 461 ut
1121 423 1189 460 hae

82 510 183 557 ipsae
201 506 228 543 B
242 519 261 544 a
276 518 301 555 y
314 507 325 543 l
339 507 374 543 ii
396 503 698 551 interrogationes
723 496 1073 547 praestantissimum
1098 492 1190 531 illud

84 576 345 617 L-eibnitii
374 585 468 622 opus
493 581 682 621 parerent,
720 570 821 616 quod
846 568 878 605 T
877 564 1071 604 heodicaed
1101 573 1191 601 con-

85 648 232 690 tinetur.
265 645 364 683 Haec
389 643 483 681 enim
510 641 615 679 fidem
630 668 644 688 ,
671 640 753 678 Deo
767 666 780 686 ‚
794 636 922 675 mundi
942 635 1192 672 Gubernatori

87 718 230 766 optimo
242 725 283 753 ac
297 713 567 762 sapientissimo
584 739 598 758 ,
612 710 769 747 habitam
785 735 800 755 ,
815 709 852 745 in
872 703 1192 744 innumerabilium

89 784 278 825 hominum
306 784 435 822 animis
457 780 688 823 confirmavit
713 791 726 826 ς
756 786 796 815 ut
820 774 1034 825 paucissimi
1055 774 1131 811 sint
1150 771 1199 809 li-

90 857 171 904 bri,
188 858 252 903 qui
264 856 308 893 de
322 854 507 904 religionis
531 850 656 889 caussa
680 859 749 886 tam
766 847 945 895 praeclare
967 842 1164 882 meruerint
1179 868 1195 888 ,

92 936 200 973 quam
235 925 307 962 hoc
343 922 564 960 Leibnitiani
597 918 730 967 ingenii
774 924 1069 955 monumentum.
1135 912 1196 950 De

94 994 265 1034 illanediti
289 993 410 1040 operis
443 990 719 1038 opportunitate
741 988 818 1025 vid.
846 986 966 1033 ipsius
1000 981 1199 1020 Leibni·

96 1065 157 1102 tii
187 1063 338 1110 epistola
376 1062 420 1098 ad
444 1061 546 1098 Han
561 1058 785 1102 schitia),
814 1065 907 1102 quae
931 1063 966 1091 et
991 1051 1077 1090 alibi
1103 1050 1198 1088 edita

97 1143 175 1180 est,
201 1142 236 1169 et
261 1133 298 1169 in
323 1130 357 1168 T
351 1129 563 1167 heodicaeae
588 1129 644 1165 ed.
674 1128 808 1164 Batava
833 1123 958 1172 (Traj.
987 1122 1032 1160 ad
1060 1120 1137 1158 Rh.
1161 1130 1199 1158 a.

102 1202 235 1251 1772.)
275 1200 327 1238 Τ.
352 1200 379 1238 I¹
421 1211 460 1247 p.
494 1212 510 1236 1
537 1210 624 1245 sqq.
667 1198 711 1234 ad
745 1207 783 1243 q.
820 1196 846 1231 1.
882 1191 946 1230 eff.
984 1201 1076 1238 quae
1112 1189 1204 1227 dixit

95 1274 131 1325 J.
158 1270 341 1311 Petsch
357 1271 366 1306 i
383 1280 453 1305 us.
513 1267 743 1306 Consulatur
790 1265 896 1300 etiam
947 1258 1205 1298 Fontenel·

101 1344 138 1382 li
155 1354 176 1380 u
191 1351 208 1380 s
221 1369 234 1388 ,
262 1342 300 1378 in
326 1339 358 1377 L
373 1339 415 1376 ei
432 1339 452 1374 b
468 1349 491 1376 n
509 1337 546 1374 it
562 1338 599 1374 ii
624 1334 853 1380 laudatione,
880 1331 1063 1378 ibidemp.
1079 1340 1127 1378 73
1141 1339 1204 1377 sq.

153 1479 250 1528 Pag.
281 1480 341 1526 38.
370 1474 466 1524 (31)
494 1474 549 1511 De
575 1472 647 1510 hoc
668 1477 882 1519 argumento
914 1467 1022 1515 digna
1055 1471 1137 1511 est,
1155 1466 1208 1502 'ut

107 1551 246 1597 legatur
270 1545 459 1584 venerandi
481 1543 533 1581 G.
562 1542 666 1580 Mol
681 1553 699 1577 e
714 1552 737 1578 n
750 1541 773 1577 k
787 1552 806 1576 a
821 1551 852 1575 m
869 1551 893 1586 p
920 1534 1210 1579 Commentatio,

109 1618 189 1669 qud
196 1617 381 1668 probatur
393 1641 406 1661 ‚
420 1613 625 1651 doctrinam
643 1609 896 1647 Christianam
911 1625 960 1636 -ε
973 1605 1006 1643 T
1003 1605 1183 1653 hcologiae
1197 1626 1212 1648 ,

112 1701 206 1740 quac
228 1686 369 1725 dicitur
383 1711 396 1732 ,
421 1681 612 1720 Naturali
638 1678 745 1718 valde
769 1676 950 1728 profuisse
967 1702 980 1721 ,
1007 1683 1042 1712 ct
1066 1684 1151 1712 vero
1171 1669 1217 1709 de

105 1769 237 1809 genere
270 1756 428 1792 humano
446 1780 458 1799 ,
498 1752 561 1788 hoc
596 1761 736 1799 quoque
778 1747 919 1784 nomine
933 1772 947 1791 ‚
983 1744 1114 1794 optimo
1143 1751 1217 1777 me-

112 1830 254 1874 ruisse‚·
281 1834 374 1871 quae
391 1821 577 1868 Invenitur
593 1821 629 1857 in
649 1817 809 1855 Annall.
834 1813 1058 1852 Academiae
1072 1811 1219 1848 Rheno·

113 1896 368 1944 Trajectinae‚
406 1904 443 1928 a.
479 1891 751 1935 1828—18293
788 1886 850 1923 ubi
875 1886 1000 1933 plures
1031 1880 1116 1928 alii,
1144 1883 1217 1917 huc

115 1964 360 2015 pertinentes,
387 1962 585 2009 scriptores
612 1960 818 1996 laudantur.

167 2101 265 2152 Pag.
295 2112 355 2150 39.
398 2098 492 2148 (32)
527 2125 560 2145 ‚‚
596 2096 704 2135 Licet
743 2094 925 2131 materiae
963 2086 1222 2128 aeternitatem

124 2198 156 2219 ‚,
183 2180 330 2222 respuat
356 2170 467 2207 ctiam
493 2176 597 2205 recta
627 2167 750 2211 ratio,
787 2172 821 2201 et
850 2164 1071 2200 creationem
1101 2170 1145 2194 ex
1172 2157 1231 2192 m'-

124 2268 156 2289 „
182 2239 262 2277 hilo.
273 2239 427 2290 probet,·
455 2247 579 2276 tamen
603 2235 759 2274 nondum
775 2261 788 2280 ‚
818 2231 926 2279 credo
944 2258 956 2277 ,
983 2231 1151 2267 inventus
1174 2228 1228 2262 est

125 2337 156 2359 2,
176 2309 278 2347 locus
300 2308 437 2359 aliquis
465 2316 532 2345 aut
557 2305 829 2351 testimonium,
857 2314 925 2352 qao
954 2300 1016 2340 hoc
1040 2300 1156 2349 ipsum
1178 2296 1232 2331 vi-

657 2373 694 2413 G
1081 2390 1111 2412 „
1138 2362 1230 2400 disse
