1560 2860
486 275 872 325 ΟΡιΑΊΞΙ-Ο.
1171 285 1231 333 39,

115 420 288 475 *logiam
321 416 400 461 sibi
429 416 671 464 devinxerit.
730 417 863 476 Hujus
904 419 1013 463 enim
1056 422 1226 468 annales

115 494 236 540 vobis
296 494 640 540 demonstrabunt
667 527 680 549 ,
739 509 811 540 eos
861 495 1027 542 demum
1048 528 1061 550 ,
1116 513 1224 556 quos

115 570 342 616 Christi
385 573 453 617 lux
496 573 782 626 coli'nstraret,
826 586 910 617 nec.
951 572 1115 632 priores
1152 575 1223 618 ul-

110 648 205 703 los,
235 647 480 708 Sapientes,
511 665 678 709 semper
713 664 763 694 ac
805 657 1046 695 constanter
1084 656 1124 694 et
1157 649 1221 695 si-

106 739 160 771 ne
204 725 477 772 haesitatione
497 758 511 782 ,
567 726 750 771 Naturae
793 725 972 771 Divinae
1019 725 1218 773 unitatem

104 804 321 865 professos
357 820 446 850 esse
463 836 475 859 ,
519 812 645 862 atque
683 819 710 849 a
743 791 880 849 libera
903 802 1115 859 Ejusdenr
1136 816 1218 848 vo-

102 882 260 928 luntate
290 882 560 943 primigeniae
593 880 741 926 mundi
771 879 970 925 materiae
1010 879 1217 938 originem

102 960 318 1019 repetiisse
351 963 471 1019 (32).
554 958 645 1002 Nisi
677 965 815 1003 autem
850 957 933 1005 his,
957 964 1072 1004 certa
1107 957 1213 1002 fides

99 1035 305 1080 habeatur
323 1034 550 1089 doctrinis,
578 1035 673 1079 talis
696 1034 867 1092 agnosci
896 1035 1039 1091 nequit
1062 1042 1103 1080 et
1131 1048 1211 1080 co-

95 1110 126 1157 li
176 1112 315 1165 DeuS,
356 1110 447 1165 cui,
488 1111 578 1155 sine
619 1111 703 1154 ulla
736 1110 1006 1170 exceptione,
1066 1111 1209 1157 omnia

93 1188 289 1243 subsint,
335 1188 391 1232 ad
421 1190 544 1245 quem'
571 1194 773 1244 tanquam
813 1201 1052 1246 supremam
1079 1202 1207 1233 caus-

96 1281 210 1320 sam,
241 1272 393 1309 cuncta
419 1278 594 1324 prorsus
626 1263 886 1319 referantur,
916 1263 961 1307 in
990 1263 1106 1321 cujus
1130 1279 1206 1309 sa-

89 1341 348 1403 pientissimo
398 1349 439 1387 et
473 1341 772 1400 benignissimo
812 1340 992 1400 imperio
1039 1341 1203 1387 firmam

91 1425 218 1479 atque
242 1421 557 1464 inconcusssam
583 1433 788 1478 reponere
808 1418 1005 1462 fiduciam
1031 1426 1201 1476 queant,

91 1505 299 1555 quotquot
321 1511 398 1556 per
426 1496 610 1541 incertos
636 1511 778 1540 rerum
801 1495 1079 1539 humanarum
1108 1496 1201 1540 exi-

86 1581 154 1619 tus
194 1574 338 1632 agitati
370 1581 490 1626 sunt,
532 1587 582 1616 ac
628 1587 707 1632 per
745 1586 939 1616 curarum
977 1573 1197 1617 calamita-

85 1660 258 1708 tumque
283 1651 432 1694 fluctus
457 1649 625 1708 jactati,
655 1648 894 1692 mortalium
927 1647 1071 1694 animi.

139 1728 250 1782 Sed,
281 1742 375 1772 cum
397 1727 441 1771 in
464 1726 705 1785 gravissima
724 1725 829 1769 haec
852 1725 1060 1770 Historiae
1087 1739 1193 1770 nos-

81 1815 174 1853 trae
196 1804 433 1852 testimonia
469 1803 688 1847 excitanda
725 1816 945 1846 excurrere
971 1816 1057 1846 non
1083 1816 1194 1862 pos·-

79 1883 187 1940 sim3
230 1896 318 1927 uno
369 1887 533 1924 tantum
581 1879 707 1922 allato
744 1878 934 1936 exemplo
954 1910 967 1932 ,
1010 1878 1192 1923 demon..

79 1968 213 2005 strare
239 1958 343 2003 mihi
374 1957 525 2010 liceat,
556 1963 713 2014 quanta
738 1955 927 2000 coelestis
958 1955 1192 2001 Doctrinae

34 2026 41 2034 ¹
77 2037 140 2082 vis
173 2036 227 2082 sit
254 2043 296 2082 et
331 2034 581 2086 efficacitas,
612 2032 668 2077 ad
696 2032 924 2091 discipulos
965 2047 1063 2076 suos
1100 2047 1188 2092 pu-

81 2113 191 2159 riore
219 2128 358 2158 rerum
372 2111 618 2157 Divinarum
648 2110 886 2168 cognitione
909 2108 1187 2165 imbuendos,

79 2205 204 2249 quam
227 2191 279 2236 iis
301 2190 542 2249 contingat,
572 2188 645 2246 qui
658 2187 806 2232 iisdem
835 2186 1004 2244 quidem
1029 2186 1186 2230 huma-

78 2267 144 2313 nis
177 2266 406 2327 disciplinis
440 2266 619 2311 instituti
657 2272 776 2320 sunt,
808 2264 933 2323 atque
961 2264 1007 2308 in
1033 2263 1185 2309 eodem

79 2346 263 2391 culturae
304 2343 439 2403 gradu
487 2343 726 2399 collocati,
757 2343 833 2389 sed
878 2340 1185 2402 sapientissima

982 2416 1017 2461 C
1035 2416 1063 2460 h
1078 2431 1099 2460 r
1114 2415 1188 2460 is—
