<?xml version="1.0" encoding="UTF-8"?>
<!DOCTYPE html PUBLIC "-//W3C//DTD XHTML 1.0 Transitional//EN"
    "http://www.w3.org/TR/xhtml1/DTD/xhtml1-transitional.dtd">
<html xmlns="http://www.w3.org/1999/xhtml" xml:lang="en" lang="en">
 <head>
  <title>
</title>
<meta http-equiv="Content-Type" content="text/html;charset=utf-8" />
  <meta name='ocr-system' content='tesseract 3.04.00' />
  <meta name='ocr-capabilities' content='ocr_page ocr_carea ocr_par ocr_line ocrx_word'/>
</head>
<body>
  <div class='ocr_page' id='page_1' title='image "annalesacademiae29acad_0522.png"; bbox 0 0 1483 2860; ppageno 0'>
   <div class='ocr_carea' id='block_1_1' title="bbox 291 266 1188 319">
    <p class='ocr_par' dir='ltr' id='par_1_1' title="bbox 291 266 1188 319">
     <span class='ocr_line' id='line_1_1' title="bbox 291 266 1188 319; baseline -0.004 -8"><span class='ocrx_word' id='word_1_1' title='bbox 291 280 367 319; x_wconf 24' lang='lat'><strong>,114</strong></span> <span class='ocrx_word' id='word_1_2' title='bbox 515 266 1188 310; x_wconf 82' lang='lat' dir='ltr'><strong>COMMENTATIO</strong></span> 
     </span>
    </p>
   </div>
   <div class='ocr_carea' id='block_1_2' title="bbox 264 376 1419 2030">
    <p class='ocr_par' dir='ltr' id='par_1_2' title="bbox 285 376 1417 1192">
     <span class='ocr_line' id='line_1_2' title="bbox 344 376 1412 427; baseline -0.001 -10"><span class='ocrx_word' id='word_1_3' title='bbox 344 376 506 417; x_wconf 76' lang='lat' dir='ltr'><strong>Ordines</strong></span> <span class='ocrx_word' id='word_1_4' title='bbox 543 376 676 417; x_wconf 86' lang='lat' dir='ltr'><strong>deinde</strong></span> <span class='ocrx_word' id='word_1_5' title='bbox 708 376 951 416; x_wconf 86' lang='lat' dir='ltr'><strong>decreverunt</strong></span> <span class='ocrx_word' id='word_1_6' title='bbox 967 405 981 427; x_wconf 88' lang='lat'>‚</span> <span class='ocrx_word' id='word_1_7' title='bbox 1019 384 1064 415; x_wconf 88' lang='lat' dir='ltr'><strong>ut</strong></span> <span class='ocrx_word' id='word_1_8' title='bbox 1105 385 1261 416; x_wconf 84' lang='lat' dir='ltr'><strong>centena</strong></span> <span class='ocrx_word' id='word_1_9' title='bbox 1295 376 1412 416; x_wconf 66' lang='lat' dir='ltr'><strong>miliia</strong></span> 
     </span>
     <span class='ocr_line' id='line_1_3' title="bbox 293 446 1415 494; baseline -0.001 -8"><span class='ocrx_word' id='word_1_10' title='bbox 293 458 516 486; x_wconf 87' lang='lat' dir='ltr'><strong>coronarum</strong></span> <span class='ocrx_word' id='word_1_11' title='bbox 545 448 590 485; x_wconf 88' lang='lat' dir='ltr'><strong>ad</strong></span> <span class='ocrx_word' id='word_1_12' title='bbox 626 447 666 486; x_wconf 91' lang='lat' dir='ltr'><strong>G</strong></span> <span class='ocrx_word' id='word_1_13' title='bbox 682 446 949 485; x_wconf 86' lang='lat' dir='ltr'><strong>ulielmum</strong></span> <span class='ocrx_word' id='word_1_14' title='bbox 984 447 1246 493; x_wconf 85' lang='lat' dir='ltr'><strong>mitterentur,</strong></span> <span class='ocrx_word' id='word_1_15' title='bbox 1273 446 1415 494; x_wconf 79' lang='lat' dir='ltr'><strong>quibus</strong></span> 
     </span>
     <span class='ocr_line' id='line_1_4' title="bbox 291 515 1411 565; baseline -0.001 -9"><span class='ocrx_word' id='word_1_16' title='bbox 291 517 472 565; x_wconf 87' lang='lat' dir='ltr'><strong>stipendia</strong></span> <span class='ocrx_word' id='word_1_17' title='bbox 509 515 654 554; x_wconf 87' lang='lat' dir='ltr'><strong>solvere</strong></span> <span class='ocrx_word' id='word_1_18' title='bbox 688 524 723 553; x_wconf 90' lang='lat' dir='ltr'><strong>et</strong></span> <span class='ocrx_word' id='word_1_19' title='bbox 768 516 969 555; x_wconf 82' lang='lat' dir='ltr'><strong>exercitum</strong></span> <span class='ocrx_word' id='word_1_20' title='bbox 1008 527 1223 565; x_wconf 84' lang='lat' dir='ltr'><strong>comparare</strong></span> <span class='ocrx_word' id='word_1_21' title='bbox 1269 516 1411 564; x_wconf 84' lang='lat' dir='ltr'><strong>posset.</strong></span> 
     </span>
     <span class='ocr_line' id='line_1_5' title="bbox 291 584 1416 637; baseline -0.003 -12"><span class='ocrx_word' id='word_1_22' title='bbox 291 587 480 637; x_wconf 84' lang='lat' dir='ltr'><strong>Quoniam</strong></span> <span class='ocrx_word' id='word_1_23' title='bbox 541 585 864 625; x_wconf 88' lang='lat' dir='ltr'><strong>Gulielmum</strong></span> <span class='ocrx_word' id='word_1_24' title='bbox 908 586 1195 634; x_wconf 85' lang='lat' dir='ltr'>haudquaquam</span> <span class='ocrx_word' id='word_1_25' title='bbox 1245 584 1416 634; x_wconf 89' lang='lat' dir='ltr'><strong>legitimo</strong></span> 
     </span>
     <span class='ocr_line' id='line_1_6' title="bbox 291 655 1413 704; baseline -0.001 -9"><span class='ocrx_word' id='word_1_26' title='bbox 291 657 406 695; x_wconf 87' lang='lat' dir='ltr'><strong>modo</strong></span> <span class='ocrx_word' id='word_1_27' title='bbox 443 656 662 695; x_wconf 88' lang='lat' dir='ltr'><strong>muneribus</strong></span> <span class='ocrx_word' id='word_1_28' title='bbox 703 655 778 694; x_wconf 90' lang='lat' dir='ltr'><strong>suis</strong></span> <span class='ocrx_word' id='word_1_29' title='bbox 817 655 1003 704; x_wconf 89' lang='lat' dir='ltr'><strong>privatum</strong></span> <span class='ocrx_word' id='word_1_30' title='bbox 1043 655 1255 704; x_wconf 87' lang='lat' dir='ltr'><strong>putabant,</strong></span> <span class='ocrx_word' id='word_1_31' title='bbox 1298 664 1413 703; x_wconf 86' lang='lat' dir='ltr'><strong>eum,</strong></span> 
     </span>
     <span class='ocr_line' id='line_1_7' title="bbox 288 723 1417 775; baseline 0.001 -11"><span class='ocrx_word' id='word_1_32' title='bbox 288 725 357 764; x_wconf 86' lang='lat' dir='ltr'><strong>sub</strong></span> <span class='ocrx_word' id='word_1_33' title='bbox 371 726 469 774; x_wconf 85' lang='lat' dir='ltr'><strong>regis</strong></span> <span class='ocrx_word' id='word_1_34' title='bbox 494 725 676 775; x_wconf 87' lang='lat' dir='ltr'><strong>imperio,</strong></span> <span class='ocrx_word' id='word_1_35' title='bbox 691 724 939 773; x_wconf 88' lang='lat' dir='ltr'><strong>Hollandiae,</strong></span> <span class='ocrx_word' id='word_1_36' title='bbox 960 724 1177 763; x_wconf 88' lang='lat' dir='ltr'><strong>Zeelandiae</strong></span> <span class='ocrx_word' id='word_1_37' title='bbox 1201 723 1417 774; x_wconf 85' lang='lat' dir='ltr'><strong>etTrajecti</strong></span> 
     </span>
     <span class='ocr_line' id='line_1_8' title="bbox 288 793 1416 843; baseline -0.002 -7"><span class='ocrx_word' id='word_1_38' title='bbox 288 795 522 836; x_wconf 87' lang='lat' dir='ltr'><strong>Praefectum</strong></span> <span class='ocrx_word' id='word_1_39' title='bbox 539 803 709 833; x_wconf 86' lang='lat' dir='ltr'><strong>crearunt</strong></span> <span class='ocrx_word' id='word_1_40' title='bbox 728 806 891 843; x_wconf 90' lang='lat' dir='ltr'><strong>eumque</strong></span> <span class='ocrx_word' id='word_1_41' title='bbox 917 800 1094 843; x_wconf 88' lang='lat' dir='ltr'><strong>tanq&#39;uam</strong></span> <span class='ocrx_word' id='word_1_42' title='bbox 1121 794 1307 833; x_wconf 86' lang='lat' dir='ltr'><strong>Ordinum</strong></span> <span class='ocrx_word' id='word_1_43' title='bbox 1336 793 1416 835; x_wconf 81' lang='lat' dir='ltr'><strong>Ge·</strong></span> 
     </span>
     <span class='ocr_line' id='line_1_9' title="bbox 288 862 1414 914; baseline -0.003 -9"><span class='ocrx_word' id='word_1_44' title='bbox 288 867 469 905; x_wconf 82' lang='lat' dir='ltr'><strong>neralium</strong></span> <span class='ocrx_word' id='word_1_45' title='bbox 501 865 709 914; x_wconf 83' lang='lat' dir='ltr'><strong>principem</strong></span> <span class='ocrx_word' id='word_1_46' title='bbox 745 862 885 902; x_wconf 87' lang='lat' dir='ltr'><strong>socium</strong></span> <span class='ocrx_word' id='word_1_47' title='bbox 901 891 915 910; x_wconf 84' lang='lat'><strong>‚</strong></span> <span class='ocrx_word' id='word_1_48' title='bbox 942 862 1091 902; x_wconf 86' lang='lat' dir='ltr'><strong>absente</strong></span> <span class='ocrx_word' id='word_1_49' title='bbox 1116 875 1203 913; x_wconf 81' lang='lat' dir='ltr'><strong>rege</strong></span> <span class='ocrx_word' id='word_1_50' title='bbox 1219 891 1234 911; x_wconf 84' lang='lat'><strong>‚</strong></span> <span class='ocrx_word' id='word_1_51' title='bbox 1272 862 1414 912; x_wconf 82' lang='lat' dir='ltr'><strong>patriae</strong></span> 
     </span>
     <span class='ocr_line' id='line_1_10' title="bbox 287 933 1415 984; baseline -0.003 -9"><span class='ocrx_word' id='word_1_52' title='bbox 287 935 519 976; x_wconf 83' lang='lat' dir='ltr'><strong>defensorem</strong></span> <span class='ocrx_word' id='word_1_53' title='bbox 547 935 753 984; x_wconf 82' lang='lat' dir='ltr'><strong>elegerunt.</strong></span> <span class='ocrx_word' id='word_1_54' title='bbox 810 933 980 971; x_wconf 89' lang='lat' dir='ltr'><strong>Tandem</strong></span> <span class='ocrx_word' id='word_1_55' title='bbox 1009 933 1171 972; x_wconf 86' lang='lat' dir='ltr'><strong>Ordines</strong></span> <span class='ocrx_word' id='word_1_56' title='bbox 1197 942 1234 972; x_wconf 91' lang='lat' dir='ltr'><strong>et</strong></span> <span class='ocrx_word' id='word_1_57' title='bbox 1272 933 1415 972; x_wconf 89' lang='lat' dir='ltr'><strong>Alde·</strong></span> 
     </span>
     <span class='ocr_line' id='line_1_11' title="bbox 287 1002 1416 1056; baseline -0.002 -12"><span class='ocrx_word' id='word_1_58' title='bbox 287 1006 514 1056; x_wconf 86' lang='lat' dir='ltr'><strong>gondius</strong></span> <span class='ocrx_word' id='word_1_59' title='bbox 546 1003 616 1044; x_wconf 84' lang='lat' dir='ltr'><strong>fibi</strong></span> <span class='ocrx_word' id='word_1_60' title='bbox 642 1003 804 1043; x_wconf 83' lang='lat' dir='ltr'><strong>invicem</strong></span> <span class='ocrx_word' id='word_1_61' title='bbox 832 1002 943 1042; x_wconf 88' lang='lat' dir='ltr'><strong>fidem</strong></span> <span class='ocrx_word' id='word_1_62' title='bbox 973 1003 1178 1051; x_wconf 88' lang='lat' dir='ltr'><strong>dederunt,</strong></span> <span class='ocrx_word' id='word_1_63' title='bbox 1206 1011 1249 1042; x_wconf 91' lang='lat' dir='ltr'><strong>ut</strong></span> <span class='ocrx_word' id='word_1_64' title='bbox 1271 1003 1311 1042; x_wconf 88' lang='lat' dir='ltr'><strong>in</strong></span> <span class='ocrx_word' id='word_1_65' title='bbox 1333 1015 1416 1042; x_wconf 85' lang='lat' dir='ltr'><strong>orn·</strong></span> 
     </span>
     <span class='ocr_line' id='line_1_12' title="bbox 287 1072 1413 1122; baseline -0.004 -7"><span class='ocrx_word' id='word_1_66' title='bbox 287 1075 404 1115; x_wconf 84' lang='lat' dir='ltr'><strong>nibus</strong></span> <span class='ocrx_word' id='word_1_67' title='bbox 430 1076 542 1114; x_wconf 89' lang='lat' dir='ltr'><strong>rebus</strong></span> <span class='ocrx_word' id='word_1_68' title='bbox 567 1075 691 1114; x_wconf 89' lang='lat' dir='ltr'><strong>eadem</strong></span> <span class='ocrx_word' id='word_1_69' title='bbox 725 1073 968 1122; x_wconf 87' lang='lat' dir='ltr'><strong>sequerentur</strong></span> <span class='ocrx_word' id='word_1_70' title='bbox 1005 1072 1182 1120; x_wconf 76' lang='lat' dir='ltr'><strong>consilia,</strong></span> <span class='ocrx_word' id='word_1_71' title='bbox 1223 1084 1316 1121; x_wconf 85' lang='lat' dir='ltr'><strong>uec,</strong></span> <span class='ocrx_word' id='word_1_72' title='bbox 1342 1072 1413 1114; x_wconf 82' lang='lat' dir='ltr'><strong>nist</strong></span> 
     </span>
     <span class='ocr_line' id='line_1_13' title="bbox 285 1142 1240 1192; baseline -0.004 -6"><span class='ocrx_word' id='word_1_73' title='bbox 285 1145 610 1186; x_wconf 83' lang='lat' dir='ltr'><strong>consentientibus</strong></span> <span class='ocrx_word' id='word_1_74' title='bbox 637 1144 841 1191; x_wconf 82' lang='lat' dir='ltr'><strong>omnibus,</strong></span> <span class='ocrx_word' id='word_1_75' title='bbox 869 1154 975 1192; x_wconf 88' lang='lat' dir='ltr'><strong>pacta</strong></span> <span class='ocrx_word' id='word_1_76' title='bbox 998 1142 1137 1181; x_wconf 86' lang='lat' dir='ltr'><strong>inirent</strong></span> <span class='ocrx_word' id='word_1_77' title='bbox 1156 1143 1240 1192; x_wconf 84' lang='lat'>(1).</span> 
     </span>
    </p>

    <p class='ocr_par' dir='ltr' id='par_1_3' title="bbox 264 1211 1419 2030">
     <span class='ocr_line' id='line_1_14' title="bbox 338 1211 1414 1261; baseline -0.005 -7"><span class='ocrx_word' id='word_1_78' title='bbox 338 1216 530 1255; x_wconf 87' lang='lat' dir='ltr'><strong>Praeterea</strong></span> <span class='ocrx_word' id='word_1_79' title='bbox 566 1213 729 1252; x_wconf 86' lang='lat' dir='ltr'><strong>Ordines</strong></span> <span class='ocrx_word' id='word_1_80' title='bbox 765 1213 994 1260; x_wconf 86' lang='lat' dir='ltr'><strong>Lumaeum,</strong></span> <span class='ocrx_word' id='word_1_81' title='bbox 1045 1224 1156 1261; x_wconf 89' lang='lat' dir='ltr'><strong>quem</strong></span> <span class='ocrx_word' id='word_1_82' title='bbox 1194 1213 1314 1251; x_wconf 89' lang='lat' dir='ltr'><strong>donee</strong></span> <span class='ocrx_word' id='word_1_83' title='bbox 1355 1211 1414 1261; x_wconf 88' lang='lat' dir='ltr'><strong>ip-</strong></span> 
     </span>
     <span class='ocr_line' id='line_1_15' title="bbox 286 1281 1412 1332; baseline -0.005 -6"><span class='ocrx_word' id='word_1_84' title='bbox 286 1285 326 1326; x_wconf 88' lang='lat' dir='ltr'><strong>se</strong></span> <span class='ocrx_word' id='word_1_85' title='bbox 359 1285 513 1330; x_wconf 81' lang='lat' dir='ltr'><strong>aberat,</strong></span> <span class='ocrx_word' id='word_1_86' title='bbox 555 1284 678 1332; x_wconf 88' lang='lat' dir='ltr'><strong>copiis</strong></span> <span class='ocrx_word' id='word_1_87' title='bbox 715 1283 943 1332; x_wconf 86' lang='lat' dir='ltr'><strong>praefecerat</strong></span> <span class='ocrx_word' id='word_1_88' title='bbox 989 1283 1321 1329; x_wconf 87' lang='lat' dir='ltr'><strong>Gulielmus,</strong></span> <span class='ocrx_word' id='word_1_89' title='bbox 1373 1281 1412 1320; x_wconf 89' lang='lat' dir='ltr'><strong>in</strong></span> 
     </span>
     <span class='ocr_line' id='line_1_16' title="bbox 284 1351 1414 1395; baseline -0.006 0"><span class='ocrx_word' id='word_1_90' title='bbox 284 1356 361 1395; x_wconf 89' lang='lat' dir='ltr'><strong>hoc</strong></span> <span class='ocrx_word' id='word_1_91' title='bbox 409 1365 563 1393; x_wconf 88' lang='lat' dir='ltr'><strong>munere</strong></span> <span class='ocrx_word' id='word_1_92' title='bbox 612 1352 896 1392; x_wconf 86' lang='lat' dir='ltr'><strong>confirmarunt.</strong></span> <span class='ocrx_word' id='word_1_93' title='bbox 973 1351 1279 1391; x_wconf 86' lang='lat' dir='ltr'><strong>Gulielmus</strong></span> <span class='ocrx_word' id='word_1_94' title='bbox 1326 1351 1414 1389; x_wconf 88' lang='lat' dir='ltr'><strong>Lu-</strong></span> 
     </span>
     <span class='ocr_line' id='line_1_17' title="bbox 286 1421 1415 1475; baseline -0.004 -10"><span class='ocrx_word' id='word_1_95' title='bbox 286 1436 421 1466; x_wconf 85' lang='lat' dir='ltr'><strong>maeo</strong></span> <span class='ocrx_word' id='word_1_96' title='bbox 455 1424 556 1475; x_wconf 82' lang='lat' dir='ltr'><strong>J&#39;ussa</strong></span> <span class='ocrx_word' id='word_1_97' title='bbox 600 1424 777 1470; x_wconf 84' lang='lat' dir='ltr'><strong>dederat,</strong></span> <span class='ocrx_word' id='word_1_98' title='bbox 834 1434 880 1461; x_wconf 87' lang='lat' dir='ltr'><strong>ex</strong></span> <span class='ocrx_word' id='word_1_99' title='bbox 920 1422 1059 1470; x_wconf 88' lang='lat' dir='ltr'><strong>quibus</strong></span> <span class='ocrx_word' id='word_1_100' title='bbox 1106 1421 1253 1460; x_wconf 89' lang='lat' dir='ltr'><strong>abunde</strong></span> <span class='ocrx_word' id='word_1_101' title='bbox 1289 1431 1415 1471; x_wconf 90' lang='lat' dir='ltr'><strong>patere</strong></span> 
     </span>
     <span class='ocr_line' id='line_1_18' title="bbox 285 1490 1413 1546; baseline -0.002 -12"><span class='ocrx_word' id='word_1_102' title='bbox 285 1503 439 1546; x_wconf 83' lang='lat' dir='ltr'><strong>potest,</strong></span> <span class='ocrx_word' id='word_1_103' title='bbox 493 1505 604 1543; x_wconf 89' lang='lat' dir='ltr'><strong>quam</strong></span> <span class='ocrx_word' id='word_1_104' title='bbox 637 1492 784 1542; x_wconf 83' lang='lat' dir='ltr'><strong>egregie</strong></span> <span class='ocrx_word' id='word_1_105' title='bbox 820 1493 866 1530; x_wconf 88' lang='lat' dir='ltr'><strong>de</strong></span> <span class='ocrx_word' id='word_1_106' title='bbox 893 1491 1010 1540; x_wconf 84' lang='lat' dir='ltr'><strong>patria</strong></span> <span class='ocrx_word' id='word_1_107' title='bbox 1038 1490 1188 1529; x_wconf 87' lang='lat' dir='ltr'><strong>sentiret</strong></span> <span class='ocrx_word' id='word_1_108' title='bbox 1226 1499 1263 1530; x_wconf 89' lang='lat' dir='ltr'><strong>et</strong></span> <span class='ocrx_word' id='word_1_109' title='bbox 1302 1502 1413 1540; x_wconf 81' lang='lat' dir='ltr'><strong>quam</strong></span> 
     </span>
     <span class='ocr_line' id='line_1_19' title="bbox 284 1562 1416 1611; baseline -0.003 -7"><span class='ocrx_word' id='word_1_110' title='bbox 284 1573 457 1606; x_wconf 86' lang='lat' dir='ltr'><strong>accurate</strong></span> <span class='ocrx_word' id='word_1_111' title='bbox 500 1562 715 1602; x_wconf 88' lang='lat' dir='ltr'><strong>Lumaei</strong></span> <span class='ocrx_word' id='word_1_112' title='bbox 747 1562 939 1609; x_wconf 81' lang='lat' dir='ltr'><strong>indolem,</strong></span> <span class='ocrx_word' id='word_1_113' title='bbox 978 1562 1108 1600; x_wconf 87' lang='lat' dir='ltr'><strong>rudem</strong></span> <span class='ocrx_word' id='word_1_114' title='bbox 1140 1562 1238 1600; x_wconf 88' lang='lat' dir='ltr'><strong>illam</strong></span> <span class='ocrx_word' id='word_1_115' title='bbox 1265 1574 1416 1611; x_wconf 59' lang='lat' dir='ltr'><strong>parum÷</strong></span> 
     </span>
     <span class='ocr_line' id='line_1_20' title="bbox 288 1631 1414 1685; baseline -0.004 -10"><span class='ocrx_word' id='word_1_116' title='bbox 288 1647 365 1685; x_wconf 91' lang='lat' dir='ltr'><strong>que</strong></span> <span class='ocrx_word' id='word_1_117' title='bbox 401 1633 624 1673; x_wconf 84' lang='lat' dir='ltr'><strong>mansuetam</strong></span> <span class='ocrx_word' id='word_1_118' title='bbox 642 1661 655 1681; x_wconf 92' lang='lat'><strong>,</strong></span> <span class='ocrx_word' id='word_1_119' title='bbox 691 1632 912 1680; x_wconf 88' lang='lat' dir='ltr'><strong>ceteroquin</strong></span> <span class='ocrx_word' id='word_1_120' title='bbox 951 1631 1126 1670; x_wconf 76' lang='lat' dir='ltr'><strong>sinceram</strong></span> <span class='ocrx_word' id='word_1_121' title='bbox 1159 1639 1198 1670; x_wconf 89' lang='lat' dir='ltr'><strong>et</strong></span> <span class='ocrx_word' id='word_1_122' title='bbox 1231 1631 1414 1680; x_wconf 84' lang='lat' dir='ltr'><strong>integram</strong></span> 
     </span>
     <span class='ocr_line' id='line_1_21' title="bbox 286 1701 1419 1756; baseline -0.003 -12"><span class='ocrx_word' id='word_1_123' title='bbox 286 1704 530 1756; x_wconf 85' lang='lat' dir='ltr'><strong>perspexerit.</strong></span> <span class='ocrx_word' id='word_1_124' title='bbox 557 1703 723 1743; x_wconf 88' lang='lat' dir='ltr'><strong>Primum</strong></span> <span class='ocrx_word' id='word_1_125' title='bbox 752 1714 835 1740; x_wconf 88' lang='lat' dir='ltr'><strong>eum</strong></span> <span class='ocrx_word' id='word_1_126' title='bbox 861 1701 1084 1749; x_wconf 86' lang='lat' dir='ltr'><strong>admonuit,</strong></span> <span class='ocrx_word' id='word_1_127' title='bbox 1110 1712 1158 1739; x_wconf 89' lang='lat' dir='ltr'><strong>ne</strong></span> <span class='ocrx_word' id='word_1_128' title='bbox 1179 1701 1292 1739; x_wconf 89' lang='lat' dir='ltr'><strong>nimis</strong></span> <span class='ocrx_word' id='word_1_129' title='bbox 1316 1713 1419 1752; x_wconf 79' lang='lat' dir='ltr'><strong>mag,-</strong></span> 
     </span>
     <span class='ocr_line' id='line_1_22' title="bbox 288 1770 1413 1823; baseline -0.002 -8"><span class='ocrx_word' id='word_1_130' title='bbox 288 1787 341 1816; x_wconf 93' lang='lat' dir='ltr'><strong>no</strong></span> <span class='ocrx_word' id='word_1_131' title='bbox 383 1775 548 1814; x_wconf 87' lang='lat' dir='ltr'><strong>exercitu</strong></span> <span class='ocrx_word' id='word_1_132' title='bbox 583 1773 795 1823; x_wconf 80' lang='lat' dir='ltr'><strong>colligendo</strong></span> <span class='ocrx_word' id='word_1_133' title='bbox 836 1771 988 1810; x_wconf 84' lang='lat' dir='ltr'><strong>inutiles</strong></span> <span class='ocrx_word' id='word_1_134' title='bbox 1027 1781 1063 1810; x_wconf 89' lang='lat' dir='ltr'><strong>et</strong></span> <span class='ocrx_word' id='word_1_135' title='bbox 1102 1782 1234 1819; x_wconf 84' lang='lat' dir='ltr'><strong>graves</strong></span> <span class='ocrx_word' id='word_1_136' title='bbox 1268 1770 1413 1813; x_wconf 81' lang='lat' dir='ltr'><strong>sumtus</strong></span> 
     </span>
     <span class='ocr_line' id='line_1_23' title="bbox 264 1841 1410 1894; baseline -0.004 -9"><span class='ocrx_word' id='word_1_137' title='bbox 264 1845 426 1885; x_wconf 65' lang='lat' dir='ltr'><strong>‘faceret</strong></span> <span class='ocrx_word' id='word_1_138' title='bbox 449 1856 570 1894; x_wconf 88' lang='lat' dir='ltr'><strong>neque</strong></span> <span class='ocrx_word' id='word_1_139' title='bbox 598 1845 737 1890; x_wconf 82' lang='lat' dir='ltr'><strong>urbes,</strong></span> <span class='ocrx_word' id='word_1_140' title='bbox 767 1842 833 1891; x_wconf 91' lang='lat' dir='ltr'><strong>qui</strong></span> <span class='ocrx_word' id='word_1_141' title='bbox 859 1842 994 1880; x_wconf 89' lang='lat' dir='ltr'><strong>milites</strong></span> <span class='ocrx_word' id='word_1_142' title='bbox 1009 1841 1179 1889; x_wconf 80' lang='lat' dir='ltr'><strong>excipere</strong></span> <span class='ocrx_word' id='word_1_143' title='bbox 1207 1850 1410 1890; x_wconf 77' lang='lat' dir='ltr'><strong>negarent,</strong></span> 
     </span>
     <span class='ocr_line' id='line_1_24' title="bbox 284 1910 1415 1965; baseline -0.004 -10"><span class='ocrx_word' id='word_1_144' title='bbox 284 1925 485 1965; x_wconf 89' lang='lat' dir='ltr'><strong>propterea</strong></span> <span class='ocrx_word' id='word_1_145' title='bbox 512 1913 630 1952; x_wconf 89' lang='lat' dir='ltr'><strong>statim</strong></span> <span class='ocrx_word' id='word_1_146' title='bbox 668 1913 797 1950; x_wconf 89' lang='lat' dir='ltr'><strong>hostes</strong></span> <span class='ocrx_word' id='word_1_147' title='bbox 835 1920 1010 1960; x_wconf 82' lang='lat' dir='ltr'><strong>putaret,</strong></span> <span class='ocrx_word' id='word_1_148' title='bbox 1037 1910 1063 1949; x_wconf 85' lang='lat' dir='ltr'><strong>fi</strong></span> <span class='ocrx_word' id='word_1_149' title='bbox 1091 1910 1260 1958; x_wconf 85' lang='lat' dir='ltr'><strong>alioquin</strong></span> <span class='ocrx_word' id='word_1_150' title='bbox 1297 1922 1415 1960; x_wconf 87' lang='lat' dir='ltr'><strong>pecu-</strong></span> 
     </span>
     <span class='ocr_line' id='line_1_25' title="bbox 283 1980 1415 2030; baseline -0.011 -4"><span class='ocrx_word' id='word_1_151' title='bbox 283 1987 346 2026; x_wconf 84' lang='lat' dir='ltr'><strong>nia</strong></span> <span class='ocrx_word' id='word_1_152' title='bbox 377 1987 438 2025; x_wconf 89' lang='lat' dir='ltr'><strong>vel</strong></span> <span class='ocrx_word' id='word_1_153' title='bbox 462 1991 670 2024; x_wconf 87' lang='lat' dir='ltr'><strong>commeatu</strong></span> <span class='ocrx_word' id='word_1_154' title='bbox 697 1981 921 2030; x_wconf 85' lang='lat' dir='ltr'><strong>reipublicae</strong></span> <span class='ocrx_word' id='word_1_155' title='bbox 946 1980 1116 2018; x_wconf 86' lang='lat' dir='ltr'><strong>auxiliari</strong></span> <span class='ocrx_word' id='word_1_156' title='bbox 1139 1988 1176 2018; x_wconf 90' lang='lat' dir='ltr'><strong>et</strong></span> <span class='ocrx_word' id='word_1_157' title='bbox 1203 1981 1308 2028; x_wconf 87' lang='lat' dir='ltr'><strong>quod</strong></span> <span class='ocrx_word' id='word_1_158' title='bbox 1343 1992 1415 2029; x_wconf 80' lang='lat' dir='ltr'><strong>po-</strong></span> 
     </span>
    </p>
   </div>
   <div class='ocr_carea' id='block_1_3' title="bbox 285 2049 1483 2107">
    <p class='ocr_par' dir='ltr' id='par_1_4' title="bbox 285 2049 1483 2107">
     <span class='ocr_line' id='line_1_26' title="bbox 285 2049 1483 2107; baseline -0.007 -11"><span class='ocrx_word' id='word_1_159' title='bbox 285 2055 490 2096; x_wconf 78' lang='lat' dir='ltr'><strong>stuiabatur</strong></span> <span class='ocrx_word' id='word_1_160' title='bbox 521 2052 782 2104; x_wconf 85' lang='lat' dir='ltr'><strong>jusjurandum</strong></span> <span class='ocrx_word' id='word_1_161' title='bbox 832 2049 1011 2100; x_wconf 85' lang='lat' dir='ltr'><strong>praestare</strong></span> <span class='ocrx_word' id='word_1_162' title='bbox 1048 2050 1203 2089; x_wconf 80' lang='lat' dir='ltr'><strong>vellent.</strong></span> <span class='ocrx_word' id='word_1_163' title='bbox 1269 2049 1419 2096; x_wconf 76' lang='lat' dir='ltr'><strong>Deinde</strong></span> <span class='ocrx_word' id='word_1_164' title='bbox 1458 2064 1483 2107; x_wconf 54' lang='lat'><strong>&#39;.</strong></span> 
     </span>
    </p>
   </div>
   <div class='ocr_carea' id='block_1_4' title="bbox 286 2119 1445 2175">
    <p class='ocr_par' dir='ltr' id='par_1_5' title="bbox 286 2119 1445 2175">
     <span class='ocr_line' id='line_1_27' title="bbox 286 2119 1445 2175; baseline -0.005 -10"><span class='ocrx_word' id='word_1_165' title='bbox 286 2125 430 2175; x_wconf 89' lang='lat' dir='ltr'><strong>ubique</strong></span> <span class='ocrx_word' id='word_1_166' title='bbox 452 2123 591 2165; x_wconf 88' lang='lat' dir='ltr'><strong>civium</strong></span> <span class='ocrx_word' id='word_1_167' title='bbox 627 2122 815 2167; x_wconf 88' lang='lat' dir='ltr'><strong>honores,</strong></span> <span class='ocrx_word' id='word_1_168' title='bbox 840 2121 989 2159; x_wconf 83' lang='lat' dir='ltr'><strong>urbium</strong></span> <span class='ocrx_word' id='word_1_169' title='bbox 1020 2119 1081 2160; x_wconf 84' lang='lat' dir='ltr'><strong>vel</strong></span> <span class='ocrx_word' id='word_1_170' title='bbox 1108 2119 1303 2169; x_wconf 85' lang='lat' dir='ltr'><strong>regionum</strong></span> <span class='ocrx_word' id='word_1_171' title='bbox 1326 2121 1415 2171; x_wconf 66' lang='lat' dir='ltr'><strong>jura</strong></span> <span class='ocrx_word' id='word_1_172' title='bbox 1442 2139 1445 2141; x_wconf 59' lang='lat'>&gt;</span> 
     </span>
    </p>
   </div>
   <div class='ocr_carea' id='block_1_5' title="bbox 1374 2198 1414 2230">
    <p class='ocr_par' dir='ltr' id='par_1_6' title="bbox 1374 2198 1414 2230">
     <span class='ocr_line' id='line_1_28' title="bbox 1374 2198 1414 2230; baseline 0 0"><span class='ocrx_word' id='word_1_173' title='bbox 1374 2198 1414 2230; x_wconf 78' lang='lat' dir='ltr'><strong>et</strong></span> 
     </span>
    </p>
   </div>
   <div class='ocr_carea' id='block_1_6' title="bbox 284 2269 1406 2373">
    <p class='ocr_par' dir='ltr' id='par_1_7' title="bbox 284 2269 1406 2373">
     <span class='ocr_line' id='line_1_29' title="bbox 323 2269 1406 2315; baseline -0.002 -10"><span class='ocrx_word' id='word_1_174' title='bbox 323 2275 378 2312; x_wconf 89' lang='grc' dir='ltr'><strong>(ι)</strong></span> <span class='ocrx_word' id='word_1_175' title='bbox 401 2274 470 2303; x_wconf 89' lang='lat' dir='ltr'><strong>vid.</strong></span> <span class='ocrx_word' id='word_1_176' title='bbox 494 2275 548 2303; x_wconf 84' lang='lat' dir='ltr'><strong>Bo</strong></span> <span class='ocrx_word' id='word_1_177' title='bbox 572 2281 603 2308; x_wconf 78' lang='lat' dir='ltr'><strong>r,</strong></span> <span class='ocrx_word' id='word_1_178' title='bbox 633 2273 694 2315; x_wconf 78' lang='lat' dir='ltr'><strong>op.</strong></span> <span class='ocrx_word' id='word_1_179' title='bbox 723 2274 748 2311; x_wconf 82' lang='lat'><strong>.¹·</strong></span> <span class='ocrx_word' id='word_1_180' title='bbox 773 2273 845 2303; x_wconf 87' lang='lat' dir='ltr'><strong>Lib.</strong></span> <span class='ocrx_word' id='word_1_181' title='bbox 870 2272 922 2302; x_wconf 73' lang='lat' dir='ltr'><strong>Vl.</strong></span> <span class='ocrx_word' id='word_1_182' title='bbox 950 2271 1009 2303; x_wconf 79' lang='lat' dir='ltr'><strong>fol.</strong></span> <span class='ocrx_word' id='word_1_183' title='bbox 1033 2275 1102 2303; x_wconf 73' lang='lat'>282.</span> <span class='ocrx_word' id='word_1_184' title='bbox 1123 2271 1170 2308; x_wconf 81' lang='lat' dir='ltr'><strong>sq.</strong></span> <span class='ocrx_word' id='word_1_185' title='bbox 1200 2284 1240 2300; x_wconf 83' lang='grc'><strong>.-</strong></span> <span class='ocrx_word' id='word_1_186' title='bbox 1259 2269 1406 2311; x_wconf 59' lang='grc' dir='ltr'><strong>Ηοοξι,</strong></span> 
     </span>
     <span class='ocr_line' id='line_1_30' title="bbox 284 2330 618 2373; baseline -0.015 -9"><span class='ocrx_word' id='word_1_187' title='bbox 284 2332 347 2370; x_wconf 71' lang='lat' dir='ltr'><strong>op.</strong></span> <span class='ocrx_word' id='word_1_188' title='bbox 365 2333 389 2364; x_wconf 84' lang='grc' dir='ltr'><strong>Ι.</strong></span> <span class='ocrx_word' id='word_1_189' title='bbox 408 2330 439 2373; x_wconf 22' lang='lat'><strong>¹1.</strong></span> <span class='ocrx_word' id='word_1_190' title='bbox 458 2337 528 2368; x_wconf 70' lang='lat' dir='ltr'><strong>pag.</strong></span> <span class='ocrx_word' id='word_1_191' title='bbox 548 2331 618 2366; x_wconf 80' lang='lat'><strong>2⁵8-</strong></span> 
     </span>
    </p>
   </div>
  </div>
 </body>
</html>
