1524 2850
247 191 272 233 8
476 188 1156 240 COMMENTATIO

299 300 495 350 Tertiam,
520 312 542 341 a
567 301 759 351 Stephano
781 302 850 348 111.
876 305 923 347 ad
942 303 1172 353 Gregorium
1185 304 1272 345 VII.
1300 315 1376 355 754

351 372 398 411 ad
428 383 542 421 1073.

301 439 519 480 Hierarchia
555 441 667 481 etiam
692 453 762 490 pro
791 441 904 482 variis
947 443 1008 482 his
1031 443 1214 484 aetatibus
1251 444 1370 485 varias

250 510 415 559 suscepit
439 511 628 560 regiminis
661 511 830 562 formas3
859 511 934 552 fuit
967 513 1064 552 enim

301 580 444 619 Primd
471 590 622 630 aetate,
648 582 939 621 Democratico-
954 584 1220 625 aristocratiea.

302 649 479 690 Secunda
488 679 503 699 ,
529 651 801 691 Aristocratico
811 674 828 684 -
840 653 1079 702 oligarchica.

303 720 441 760 Tertia*
453 748 467 768 ,
495 720 737 771 Oligarchico
752 744 770 753 -
784 724 1032 763 monarchica.

301 790 453 830 Horum
479 791 705 831 hierarchiae
728 792 996 842 progressuum
1019 794 1143 832 causas
1174 803 1211 835 et
1236 806 1377 843 oppor-

255 861 434 900 tunitates
457 862 622 900 breviter
647 864 834 901 attendere
855 864 988 911 juvat,
1023 872 1066 901 ut
1080 863 1157 910 ita,
1187 863 1225 901 in
1246 864 1377 902 mediis

255 931 370 970 rebus
409 932 584 970 collocati
625 943 666 970 ac
707 931 824 971 firmis
867 931 1038 970 subsidiis
1082 931 1249 970 instructi
1266 960 1279 978 .,
1331 932 1378 971 ad

258 1000 516 1049 quaestionem
539 1000 794 1054 propofitam,
821 1013 892 1051 pro
917 1001 1064 1042 viribus
1079 1000 1348 1042 dissolvendam
1365 1031 1379 1052 ‚

257 1071 428 1122 gnaviter
455 1070 708 1121 accingamur.
1008 1060 1013 1062 ’

754 1181 791 1229 §.
845 1191 885 1218 2.

628 1287 800 1327 Aetas
840 1276 1032 1339 Prima.

312 1390 568 1432 Hierarchiae
582 1389 717 1441 forma
744 1389 989 1430 demonatico
1001 1393 1314 1431 maistam-utica.

288 1511 352 1554 Ab
374 1512 560 1567 Apostolis
584 1511 639 1552 ad
659 1511 863 1551 Concilium
893 1511 1105 1550 Nicaenum
1136 1512 1355 1563 (gg-325).

316 1622 528 1672 Apostoli,
579 1620 620 1660 in
661 1620 836 1660 coetibus
874 1618 1178 1659 Christianorum
1220 1622 1384 1660 conden-

265 1691 324 1732 dis
371 1691 627 1741 regundisque
650 1719 664 1738 ,
702 1690 924 1728 auctoritate
975 1690 1123 1737 magis,
1162 1702 1272 1737 quam
1315 1702 1385 1740 po-

263 1768 422 1810 testate,
455 1761 509 1800 ufi
539 1768 670 1806 erant3
711 1760 882 1798 mandato
925 1759 1023 1797 enim
1063 1760 1208 1798 Christi
1245 1773 1386 1800 morem

265 1840 467 1882 gerentes,
518 1830 719 1879 abierunt,
759 1838 797 1868 et
831 1831 1000 1868 docendo
1027 1831 1166 1868 multos
1207 1830 1254 1868 ad
1289 1829 1387 1869 sacra

266 1901 482 1943 Christiana
511 1900 770 1947 adduxeruntg.
811 1898 942 1937 divino
969 1899 1139 1947 auxilio,
1176 1899 1256 1950 ipsa
1292 1900 1388 1940 divi..

263 1983 334 2013 nae
373 1970 564 2011 doctrinae
605 1969 759 2016 indole,
801 1977 839 2006 et
870 1968 1036 2017 gentium
1075 1968 1204 2007 studiis
1241 1970 1387 2021 adjuti,

1261 2072 1266 2078 .
1306 2039 1389 2082 suc-

267 2147 338 2178 dem
360 2145 548 2181 Romanam,
576 2144 697 2174 saeculo
724 2144 828 2175 saltem
854 2143 1005 2181 septimo,
1034 2144 1167 2175 nondum
1192 2151 1293 2180 msgna
1308 2144 1391 2181 ruit,

248 2193 249 2196 ¹
267 2203 322 2236 sed
346 2203 383 2232 ad
405 2202 614 2234 auctoritatem
641 2202 786 2239 Paparum
807 2201 930 2231 civilem
958 2209 1054 2238 usque
1075 2190 1304 2240 perducendam‘
1318 2202 1387 2234 esse

270 2266 457 2291 existimavi.
