1483 2860
362 297 899 339 LITERARIA·
1116 310 1179 348 ιη

55 408 190 459 gusti,
234 408 534 454 Rurimundam‚
574 418 671 455 quae
710 414 960 446 commeatum
996 406 1180 446 exercitui

59 477 294 527 suppeditare
329 487 525 528 negaverat
545 506 559 526 ‚
605 476 853 526 expugnavit.
925 476 983 514 lbi
1017 476 1179 515 militum

49 542 266 591 petulantia
307 553 348 581 ac
398 541 548 580 lascivia
583 542 700 580 multa
732 541 827 580 mala
862 540 1015 580 civibus
1050 541 1180 579 intulit

8 627 9 630 ¹
55 620 170 661 atque
192 613 231 651 in
248 611 516 651 ecclefiasticos
532 612 703 660 inprimis
726 610 903 650 saevitum
926 618 984 648 est
998 638 1012 657 ,
1046 611 1113 658 qui
1138 610 1179 649 in

54 682 139 722 loca
167 681 266 722 sacra
298 683 397 722 vitae
433 681 643 730 periculum
674 680 837 730 effugere
867 690 1075 728 conantes,
1110 681 1180 718 im-

54 752 169 808 mani·
192 753 303 792 caede
338 752 459 791 necati
494 752 596 791 sunt.
673 750 776 789 Haec
819 761 878 788 res
912 749 1182 789 Gulielmi

51 821 182 864 causae
209 822 361 861 minime
399 821 544 871 profuit
573 829 612 861 et
641 821 847 860 multorum
871 819 1016 859 animos
1045 819 1092 858 ab
1126 830 1174 859 eo

51 892 202 933 avertit.
263 894 400 941 Neque
436 900 559 930 tamen
605 891 677 929 hoc
723 891 860 928 malum
907 889 1176 930 Gulielmo

51 961 294 1001 tribuendum
331 970 413 1009 est,
451 961 518 1009 qui
544 972 565 999 a
601 961 667 999 tali
706 958 903 998 ferocitate
936 959 1176 999 vehementer

51 1032 293 1071 abhorrebat;
344 1031 466 1070 Nullo
493 1039 607 1080 pacto
644 1030 725 1069 fieri
763 1029 918 1079 potuit,
960 1038 1004 1068 ut
1038 1028 1179 1068 exerci-

52 1111 117 1140 tus
141 1103 256 1151 longe
276 1102 433 1141 maxima
456 1111 560 1151 parte
584 1113 629 1140 ex
651 1099 876 1149 evangelicis
896 1108 1075 1139 constans
1091 1127 1105 1148 ,
1131 1099 1177 1138 il·

51 1174 91 1212 10
128 1180 300 1221 tempore
339 1171 537 1221 disciplina
568 1170 719 1209 militari
758 1171 1030 1209 contineretur.
1094 1169 1177 1209 Al-

52 1242 174 1282 bani
209 1242 439 1281 crudelitatis
463 1242 560 1280 fama
586 1242 698 1290 longe
724 1240 874 1288 lateque
901 1239 1176 1289 percrebuerat.

51 1312 156 1365 Quid
187 1311 304 1362 igitur
342 1312 503 1360 mirum,
552 1310 790 1360 evangelicos
825 1310 941 1350 diram
974 1309 1179 1348 vindictam

50 1382 233 1432 cogitasse
269 1392 306 1421 et
358 1391 444 1421 ante
475 1392 605 1420 omnes
654 1381 844 1429 clericos,
894 1380 934 1419 in
968 1391 1068 1428 quos
1094 1390 1177 1418 om-

52 1453 156 1492 nium
174 1453 357 1492 malorum
376 1455 524 1501 culpam
551 1451 802 1501 conjiciebant
821 1479 835 1500 ‚
850 1449 1064 1490 vehementi
1082 1448 1174 1487 odio

49 1522 270 1574 prosecutos
290 1523 367 1561 esse
380 1524 398 1562 i?
412 1523 507 1560 Boni
522 1550 535 1569 ,
551 1522 695 1569 fateor,
710 1522 816 1561 ducis
842 1529 900 1560 est
915 1521 1076 1560 rnilitum
1094 1520 1174 1557 ani-

49 1605 135 1633 mos
170 1593 210 1631 vi
241 1601 278 1631 et
303 1591 522 1631 auctoritate
560 1591 623 1632 sua
649 1592 742 1631 adeo
777 1602 974 1638 coercere,
1000 1598 1045 1628 ut
1078 1588 1176 1631 nihil

51 1663 206 1702 omnino
229 1662 361 1713 inJ'usti
387 1662 598 1700 crudelisve
627 1661 673 1700 ab
698 1662 745 1699 iis
768 1670 914 1711 agatur.
967 1660 1092 1710 Cujus
1118 1658 1177 1698 rei

49 1732 261 1774 Russorum
283 1732 373 1771 belli
393 1734 470 1771 dux
490 1732 779 1771 Diebitsch
804 1729 1176 1778 Sabalkansky

51 1815 173 1853 nuper
205 1803 352 1841 illustre
385 1802 556 1852 praebuit
576 1803 803 1851 exemplum.
859 1802 1001 1840 Verum
1025 1810 1181 1848 magno-

49 1886 139 1926 pere
171 1872 324 1921 differt,
378 1873 500 1921 qualia
535 1872 606 1911 fiut
640 1882 838 1921 tempora,
869 1873 1075 1920 qualesque
1106 1871 1180 1910 fint

50 1944 204 1984 milites.
256 1942 369 1983 Rusfi
407 1942 504 1981 enim
537 1941 792 1982 felicissimum
829 1941 966 1981 vivunt
999 1950 1179 1993 tempus3

51 2013 191 2053 bellum
207 2014 397 2063 gesserunt
409 2041 423 2061 ‚
450 2013 660 2051 commodis
674 2013 751 2051 suis
768 2013 922 2062 quidem
945 2012 1148 2052 inserviens
1161 2040 1178 2061 ‚

49 2093 128 2123 non
174 2095 264 2123 vero
298 2083 450 2133 prorsus
503 2082 779 2133 necessarium3
822 2084 1008 2122 exercitus
1043 2094 1175 2122 eorum

49 2166 97 2194 ex
124 2153 320 2204 aptissimis
358 2153 577 2193 hominibus
613 2153 785 2202 constat,
814 2154 880 2203 qui
899 2154 974 2204 J‘am
1000 2153 1067 2192 diu
1087 2160 1176 2192 ante

49 2224 254 2264 militarunt
278 2233 392 2272 atque
420 2223 577 2272 imperio
604 2223 742 2262 bellico
764 2223 957 2273 paullatim
981 2221 1179 2262 assuefacti

50 2294 150 2336 sunt.
193 2294 380 2338 Praeterea
406 2293 564 2334 Rusfiae
587 2294 754 2343 incolae,
781 2302 826 2334 ut
853 2293 920 2343 qui
934 2293 1176 2332 monarchico

48 2362 207 2414 'imperio
234 2364 305 2403 sint
336 2363 516 2415 subjecti,
550 2363 747 2414 praefectis
783 2363 860 2404 suis
888 2371 1058 2406 accurate
1087 2361 1180 2402 obe·

1120 2432 1183 2475 di-
