1483 2860
140 235 191 276 52
363 212 1027 262 COMMENTATIO

145 328 498 382 empyreumaticum
519 323 673 374 oxydari
701 332 736 361 et
759 322 797 360 in
824 320 975 360 resmam
1003 329 1256 367 empyreuma-

143 399 543 444 ticamtransmutari,
583 404 678 441 quae
708 402 796 440 post
827 389 1113 430 destillationem
1141 389 1178 426 in
1201 399 1257 425 re-

147 481 244 511 torta
268 476 427 508 remanet
457 466 516 512 1).

193 540 358 580 ‘Acidum
382 537 455 573 hoc
478 532 593 570 modo
626 529 845 578 acquifitum
881 537 938 566 est
963 530 1140 576 decolor,
1170 529 1263 566 odo·

151 611 203 650 ris
232 618 273 647 vet
307 603 449 654 saporis
486 602 606 640 adhuc
632 600 762 639 leviter
788 599 1117 647 empyreumatici;
1154 599 1265 637 debet

152 681 268 728 igitur
295 674 404 713 semel
429 671 550 710 adhuc
576 682 659 708 cum
690 673 713 721 ξ
738 668 790 706 sui
824 667 1026 707 voluminis
1056 676 1158 716 parte
1187 680 1267 707 car·

155 749 267 787 bonis
280 745 400 795 ligni,
420 742 510 789 cui,
537 741 685 789 quando
712 739 858 778 acidum
888 737 1141 786 sulphuricum
1165 738 1268 775 adhi-

156 820 282 857 bitum‘
314 814 415 861 fuit,
466 813 512 851 ad
546 812 698 850 odorem
735 807 830 846 acidi
863 806 1072 854 sulphurosi
1102 806 1273 845 auferen-

159 890 248 927 dum
266 915 279 934 ‚
305 882 535 933 peroxydum
560 878 779 927 manganefii
803 878 957 916 addatur
972 905 986 924 ‚
1013 875 1144 926 digeri.
1179 875 1272 916 Post

160 960 254 998 hanc
281 953 526 1004 digestionem
553 949 761 988 destinetur
781 948 908 996 liquor
924 975 937 995 ,
965 955 1102 995 atque,
1131 947 1159 986 fi
1184 956 1274 986 tunc

157 1029 282 1068 adhuc
308 1020 640 1073 empyreumaticas
666 1017 914 1067 proprietates
940 1017 1158 1065 exhiberet,
1185 1025 1276 1066 post

161 1097 330 1137 ultimam
361 1092 486 1139 acidi,
523 1090 608 1129 cum
639 1088 825 1128 additione
851 1090 874 1138 ᾗ
898 1087 954 1127 sui
988 1087 1163 1135 ponderis
1195 1099 1279 1136 par-

162 1178 202 1207 te
229 1164 404 1206 carbonis
436 1160 556 1211 ligni,
596 1158 908 1205 destillationem,
948 1157 1173 1205 accipiemus
1207 1156 1280 1195 aci-

160 1239 279 1285 dum,
313 1235 365 1274 ab.
389 1235 505 1272 odore
541 1239 578 1269 et
609 1231 738 1280 sapore
778 1227 1092 1277 empyreumatico
1128 1226 1280 1276 prorsus

161 1310 338 1347 liberum.

218 1379 348 1417 Altera
380 1372 580 1412 methodus
609 1377 666 1408 est
696 1368 854 1424 sequens
881 1366 953 1417 2);
1008 1374 1153 1405 acetum
1187 1366 1283 1405 scili-

169 1457 230 1487 cet
267 1445 361 1495 ligni
395 1444 552 1482 crudum
589 1440 772 1478 saturetur
795 1438 962 1486 ·hydrate
987 1436 1148 1484 .calcis;
1204 1437 1286 1474 caix

167 1519 244 1558 hoc
293 1513 424 1553 modo'
458 1524 545 1550 cum
594 1520 725 1558 magna
774 1507 911 1545 refinae
956 1505 1289 1554 empyreumaticae

173 1585 383 1635 ‘quantitate
414 1582 450 1620 se
476 1580 683 1630 ,conjungit
720 1587 757 1616 et
797 1577 933 1616 format
976 1575 1288 1614 combinationem

167 1659 373 1695 brunneam
408 1652 622 1691 difficillime
657 1648 882 1687 solvendam.
935 1645 1086 1694 Liquor
1111 1646 1290 1695 limpidus

164 1739 197 1765 va
229 1727 340 1763 calce*
359 1721 523 1771 depofita
544 1720 758 1768 separetur,
781 1726 818 1755 et
842 1716 925 1755 dein
949 1715 1130 1764 sulphatis
1155 1715 1291 1765 sodae,

178 1795 328 1833 minima
356 1791 562 1840 quantitate
586 1800 702 1837 aquae
725 1787 835 1826 soluti
850 1815 862 1834 ‚
889 1798 962 1835 ope
986 1788 1293 1835 decomponatur.

177 1867 374 1905 Formatur
402 1862 561 1910 ,suiphas
597 1861 709 1899 calcis
748 1858 813 1906 qui
841 1856 1114 1907 praecipitatur.
1180 1856 1295 1893 Nunc

168 1936 309 1984 -li'quor
351 1932 578 1971 abstrahatur
617 1939 652 1968 et
687 1929 725 1966 in
759 1926 852 1966 vasis
886 1926 1008 1975 planis
1046 1933 1296 1973 evaporetur,

179 2011 252 2048 qua
290 1999 444 2037 durante
471 1994 760 2044 evaporatione,
793 2001 923 2039 magna
949 2000 1034 2038 pars
1067 1988 1202 2027 refinae
1221 1999 1298 2027 em-

1228 2069 1300 2107 ΡΥ·

222 2170 255 2206 ι)
271 2175 303 2212 J.
338 2172 369 2211 J.
402 2168 638 2202 Berzelius,
666 2166 721 2197 lib.
762 2166 785 2195 1.
802 2185 814 2202 ‚
842 2164 896 2194 111.
925 2162 1020 2193 Band.
1048 2162 1088 2192 11.
1111 2160 1203 2190 Abth.
1233 2167 1301 2197 pag.

178 2230 278 2269 v1164.

234 2289 269 2326 ῃ)
289 2287 384 2316 Conf.
411 2286 495 2316 Dict.
518 2284 690 2315 Theehno1.
713 2283 780 2312 Art.
804 2281 885 2311 acia.
905 2286 1004 2316 acet„
1025 2279 1160 2315 pag.i66-
