1524 2850
279 292 328 330 94
607 282 928 322 ANNoTA'rA
988 291 1055 320 AD

329 389 430 439 Pag.
456 402 517 438 29.
547 389 639 438 (27)
666 391 741 440 Qui
762 398 899 429 attente
917 391 1070 440 legerit,
1099 400 1190 437 quae
1209 389 1381 440 dixitJa-

279 460 493 498 cobius:
537 460 617 498 Von
649 459 718 498 den
754 460 967 499 Gc'ittlichen
1002 460 1153 509 Dingen
1180 458 1259 498 und
1278 459 1385 498 ihrer

279 528 559 579 Offcnbahrung
570 557 588 578 ,,
605 531 683 579 (ed.
706 531 876 578 alterius,
891 543 925 568 a.
945 529 1079 578 1822-)
1094 540 1133 578 p.
1153 530 1325 568 168-18
1333 541 1352 577 3
1366 555 1380 575 ‚

278 608 356 636 non
381 598 594 645 dubitabit,
622 599 711 646 quin
740 610 822 637 vere
845 610 918 636 eam
935 627 948 647 ‚
978 610 1086 646 quam
1109 598 1212 646 dixi,
1239 606 1385 636 senten-

279 667 364 705 tiam
395 667 487 705 Viro
515 669 831 716 praestantissimo
857 669 1059 708 tribuerim.
1086 690 1137 699 -—
1164 667 1387 706 Rectissime

278 738 324 776 de
353 748 397 776 eo
423 737 678 786 Weisius‚
705 740 733 777 1.
761 751 796 777 c.
825 750 864 787 p.
886 741 954 778 822
986 766 1010 786 ‚‚
1036 738 1119 776 Der
1145 735 1387 775 edelsteVer-

281 834 307 856 „
332 808 483 855 kla'rte‚
538 809 658 856 inquit
681 838 693 856 ‚
747 800 929 857 nuemehr
973 810 1014 845 in
1056 808 1209 845 hellerm
1252 806 1385 844 Lichtc

282 905 307 926 ,‚
332 878 533 917 schauendc
574 879 660 928 Jac
678 879 791 926 obi,
843 878 1008 929 ka'mpfce
1043 879 1112 915 mit
1149 877 1271 925 Kraft
1309 873 1391 914 und

283 975 307 996 „
335 947 532 986 Wahrheit
555 960 670 998 gagen
691 947 760 985 den
780 950 855 986 sich
873 948 1085 997 gewaltsam
1110 958 1179 984 von
1206 946 1298 985 Gon
1319 945 1388 984 los·

282 1043 307 1066 „
332 1017 536 1055 reissenden
565 1017 749 1056 una'chten
770 1017 1059 1055 Naturalismus
1080 1015 1149 1053 der
1173 1013 1390 1053 [dentitiits-

282 1112 306 1134 ‚‚
328 1086 571 1138 philosophie,
600 1086 679 1125 und
697 1086 846 1125 ra'umtc
869 1088 942 1124 ihm
969 1088 1094 1136 gewiss
1116 1085 1205 1124 noch
1235 1097 1288 1123 zu
1315 1085 1390 1123 νίεΙ

282 1183 307 1204 „
332 1159 416 1203 ein,
438 1169 537 1195 avenn
557 1169 600 1194 er
617 1156 803 1197 denselben
817 1157 873 1195 als
891 1155 1112 1206 speculativa
1134 1154 1256 1193 Lehre
1275 1154 1386 1191 nebim

283 1254 308 1275 ,‚
333 1225 409 1264 dem
434 1227 620 1266 Theismus
657 1226 876 1276 unstrdfh'ch
917 1225 1090 1264 dastehen
1130 1224 1235 1263 ldsst.
1251 1223 1277 1240 ’⁹
1314 1222 1389 1260 De·

289 1297 459 1344 sperabat
486 1297 658 1335 nimirum
676 1297 742 1333 Vir
757 1324 770 1343 ,
793 1297 928 1345 pietate
950 1304 984 1333 et
1010 1295 1157 1343 ingenio
1183 1292 1390 1331 laudatissi-

280 1377 387 1412 mUS,
428 1367 491 1404 sed
526 1366 677 1404 nimium
717 1367 906 1404 modestus
935 1366 1013 1410 ille,
1042 1366 1086 1403 de
1116 1362 1329 1403 Fichtio
1350 1371 1389 1399 et

280 1435 306 1473 S
322 1448 342 1473 c
357 1436 379 1473 h
394 1437 480 1473 elli
495 1447 518 1474 n
534 1448 557 1484 g
571 1437 581 1473 i
596 1448 616 1474 0
631 1464 643 1482 ‚
687 1447 751 1485 per
781 1435 1130 1484 argumentationem
1149 1461 1162 1480 ,
1191 1434 1227 1471 in
1263 1432 1388 1471 Philo-

280 1506 433 1554 sophiae
454 1507 681 1545 theoreticae·
701 1507 813 1544 veluti
832 1507 931 1552 acie,
961 1504 1164 1543 vincendis.
1193 1503 1393 1553 Quaprop-

278 1585 362 1623 ter,
384 1578 421 1615 in
439 1576 549 1614 alium
570 1586 741 1624 tanquam
767 1587 934 1623 campum
959 1571 1154 1613 certamine
1180 1572 1387 1618 declinato,

281 1646 508 1695 gravissimis
535 1647 747 1694 quibusque
776 1646 962 1695 religionis
986 1643 1142 1683 decretis
1175 1643 1211 1681 in
1240 1643 1386 1680 interno

281 1718 472 1764 quodam,
524 1728 642 1764 eoque
675 1717 824 1762 altiore,
866 1715 1052 1753 Divinitus
1091 1713 1229 1751 nostris
1257 1710 1388 1750 animis

281 1786 424 1834 indito,
472 1799 577 1824 sensu
632 1786 763 1833 (quern
805 1786 1089 1837 patefactionem
1141 1784 1247 1821 etiam
1294 1783 1390 1820 dice·

280 1855 367 1903 bat)
401 1856 619 1904 praesidium
648 1859 771 1902 parare
808 1854 1023 1892 conabatur.
1089 1852 1156 1890 Vel
1190 1852 1242 1889 sic
1271 1860 1389 1889 tamen

280 1925 363 1974 ita,
401 1934 442 1962 ut
480 1926 518 1963 in
555 1928 719 1963 oratione
758 1925 942 1970 diximus,
982 1922 1139 1962 subinde
1164 1930 1392 1971 argumenta·
1428 1939 1435 1947 x

282 2003 345 2034 tus
374 2004 445 2033 est.

332 2133 430 2184 Pag.
462 2145 522 2182 31.
553 2133 646 2182 (28)
674 2132 876 2172 Nonnullis
892 2131 1047 2170 fortasse
1066 2130 1187 2169 nostri
1212 2127 1387 2175 temporis

282 2204 534 2243 laudatoribus
581 2202 828 2252 displicebunt
877 2203 962 2240 haec
1011 2200 1193 2240 Historiae
1234 2198 1386 2240 monita.

284 2275 384 2325 Qui,
412 2276 443 2312 si
475 2273 595 2311 minus
621 2283 715 2310 recte
752 2284 808 2310 me
845 2272 1045 2321 Magistrae
1075 2269 1174 2308 illius
1201 2277 1390 2318 praecepta

284 2346 557 2394 interpretatum
583 2354 660 2382 esse
688 2352 844 2392 putent,
884 2343 912 2381 Β
929 2354 950 2382 o
965 2351 1014 2380 ut
1030 2352 1047 2378 e
1058 2352 1074 2379 r
1088 2352 1109 2379 v
1122 2351 1139 2378 e
1153 2351 1171 2379 c
1186 2340 1196 2377 i
1213 2349 1283 2377 um
1327 2348 1393 2373 au·

1268 2405 1366 2445 diant
1378 2432 1390 2453 ,
