1483 2860
313 266 393 292 202
543 249 1222 293 COMMENTATIO

815 378 853 425 §·
883 378 920 415 6.

359 515 500 552 Interea
529 513 566 551 in
593 513 790 551 Hollandia
813 522 849 551 et
876 512 1070 551 Zeelandia
1093 514 1229 551 multae
1253 512 1424 551 subortae

306 590 410 621 erant
456 582 716 629 difficultates,
772 593 884 629 quare
927 581 965 620 G
981 581 1174 619 ulielmi
1219 580 1420 630 praesentia

306 664 530 702 magnopere
544 652 825 691 defiderabatur.
853 652 982 700 Itaque
998 651 1084 701 ipsis
1100 652 1276 690 Kalendis
1286 651 1422 700 Ianua-

304 723 370 760 riis
400 735 434 760 a.
474 725 588 771 1580.
619 723 760 771 Hagam
790 722 984 761 Comitum
1010 720 1204 770 profectus
1242 730 1328 769 est,
1358 732 1423 759 va-

305 793 441 831 riarum
476 792 626 831 urbium
654 804 694 829 ac
722 793 915 840 regionum
948 794 1089 840 legatos
1118 792 1262 840 excepit
1288 802 1425 829 novas-

307 875 382 912 que
402 891 415 909 ,
449 874 543 911 quae
569 862 817 910 gerebantur,
844 861 1111 899 controverslas
1129 890 1143 908 ‚
1182 872 1311 911 magna
1334 872 1427 910 pru-

308 933 431 972 dentia
455 931 601 971 diremit
624 933 709 981 (1).

357 1003 488 1042 Paullo
525 1011 720 1050 antequam
759 1002 1117 1050 Requesenius
1150 1014 1169 1040 e
1194 1001 1271 1039 vita
1297 1001 1430 1040 deces-

306 1074 427 1122 serat,
453 1074 634 1112 summum
661 1073 882 1110 Hollandiae
913 1082 948 1110 et
986 1072 1205 1110 Zeelandiae
1229 1071 1426 1119 imperium

307 1142 348 1181 in
389 1142 709 1182 Gulielmum
747 1142 924 1180 collatum
965 1150 1055 1179 erat.
1109 1142 1192 1179 Hoc
1236 1152 1327 1179 vero
1359 1140 1428 1178 im·

306 1213 451 1262 perium
474 1221 618 1250 tantum
656 1211 917 1260 temporarium
948 1221 1023 1248 erat
1051 1223 1171 1258 eoque
1197 1220 1339 1248 tantum
1367 1222 1429 1259 ga-

306 1281 407 1320 visus
443 1291 544 1327 erat,
586 1281 761 1328 quamdiu
804 1281 1002 1318 Hollandia
1037 1291 1073 1318 et
1110 1281 1306 1319 Zeelandia
1337 1292 1422 1319 cum

307 1351 452 1398 reliquo
479 1350 633 1398 Belgio,
672 1350 926 1398 Hispanorum
963 1351 1205 1389 dominationi
1226 1349 1423 1401 subjecto,

306 1422 443 1459 bellum
474 1429 653 1469 gererent.

357 1492 487 1538 Itaque
507 1491 635 1528 harum
662 1489 936 1538 provinciarum
966 1499 1002 1527 et
1038 1490 1167 1528 deinde
1202 1490 1308 1528 etiam
1330 1490 1432 1529 Tra-

303 1561 392 1610 Jecti
429 1560 589 1598 Ordines
619 1560 656 1597 in
689 1569 877 1597 conventu
907 1561 1030 1608 Hagae
1065 1560 1258 1598 Comitum
1297 1561 1425 1599 habito

305 1629 602 1675 constituerunt,
644 1637 685 1666 ut
718 1628 813 1674 regis
850 1629 1001 1666 nomine
1042 1640 1118 1665 non
1151 1630 1309 1677 amplius
1347 1638 1428 1667 ute-

306 1710 457 1747 rentur;
485 1700 546 1738 sed
572 1699 913 1745 Gulielmium,
941 1699 1053 1736 certis
1089 1699 1312 1747 quibusdam
1337 1710 1429 1736 con-

306 1772 540 1817 ditionibus,
567 1770 708 1808 summo
745 1770 900 1818 imperio
942 1779 1130 1808 ornarent.
1183 1769 1298 1819 Quod
1338 1769 1427 1807 olim

307 1851 473 1880 tenuerat
523 1841 717 1889 imperium
737 1868 749 1887 ,
800 1839 1063 1888 temporarium
1120 1849 1156 1876 et
1200 1840 1426 1878 illimitatum

308 1921 399 1951 erat.
452 1912 548 1949 Illud
582 1921 703 1956 vero,
754 1910 856 1957 quod
893 1919 969 1946 tum
1008 1908 1303 1947 constituebatur
1342 1921 1425 1957 per·
1460 1935 1462 1938 v

306 1991 458 2031 petuum
496 1991 536 2018 ac
565 1980 676 2018 certis
713 1979 934 2026 quibusdam
969 1979 1135 2016 terminis
1171 1979 1428 2028 circumscrip-

308 2062 386 2090 tum
430 2061 519 2089 erat.
583 2050 637 2089 Ut
676 2049 838 2087 breviter
874 2049 1021 2094 dicam,
1063 2058 1139 2086 erat
1179 2048 1256 2087 fere
1301 2051 1423 2097 idem,

309 2125 410 2172 quod
437 2122 525 2160 olim
569 2121 737 2160 Comites
768 2119 1033 2167 obtinuerant,
1074 2120 1135 2157 cui
1175 2119 1225 2158 nil
1259 2119 1324 2159 uifi
1360 2131 1429 2159 no-

1344 2201 1427 2229 men

346 2291 397 2327 (ι)
421 2291 475 2319 vid
512 2292 603 2322 Bor,
626 2291 684 2325 Op.
708 2290 728 2318 1.
756 2289 837 2318 Libr.
862 2289 938 2318 xlv.
961 2291 1016 2319 fol.
1050 2296 1113 2322 181.
1138 2293 1181 2328 sq.
1208 2307 1244 2316 -ο
1273 2294 1427 2328 Hoost,

310 2350 365 2384 op.
386 2349 406 2375 l.
443 2355 510 2382 pag.
532 2348 597 2377 6236.
621 2348 663 2381 “i-
685 2361 721 2368 -—
738 2347 837 2376 Lmen
857 2355 915 2375 cet.
934 2348 992 2377 111.
1011 2356 1077 2384 pag.
1099 2351 1152 2384 365
1170 2348 1216 2384 sq.
