1483 2860
369 274 873 324 m‘rERARra.
1124 271 1171 310 σι

63 387 159 438 regis
189 387 394 438 dignitate,
417 386 478 426 vel
499 397 585 425 cum
613 384 675 425 sua
695 383 816 433 vipsius
842 380 1064 422 auctoritate
1078 407 1093 429 ,
1114 378 1177 419 vel

69 469 155 498 cum
191 459 330 509 patriae
350 456 466 497 salute
489 466 568 496 non
594 457 824 495 conveniret.

553 602 594 651 δ.
644 604 684 642 8.

116 741 269 783 Interim
286 743 333 782 M
347 754 487 793 argar
501 743 513 781 i
526 751 572 783 ta
591 753 657 792 per
685 742 763 781 Me
777 751 801 790 g
814 751 869 780 en
883 750 958 778 um
984 736 1186 777 Nobilium

65 808 228 852 foederis
258 813 464 861 etlibelli‚
492 823 603 862 quem
626 811 902 859 moliebantur,
929 807 1105 848 nuntium
1128 817 1188 844 ac-

68 882 184 930 cepit.
216 909 219 913 ›
245 882 338 923 Post
387 881 506 921 varias
549 881 834 922 deliberationes
871 878 989 920 Aurei
1031 875 1193 915 Velleris

66 951 230 1000 Equites
262 952 470 991 Bruxellam
498 961 632 992 vocare
657 951 834 991 decrevit.
886 949 1015 990 Plures
1037 939 1083 987 ad
1101 946 1193 986 Gu-

65 1020 302 1061 lielmum‘
327 1022 453 1062 literas
480 1021 605 1070 dedit,
634 1021 773 1070 quibus
808 1020 855 1059 ab
885 1029 930 1058 eo
955 1018 1117 1068 petivit,
1151 1022 1196 1055 ut

67 1090 449 1132 Br‘uxeuam-rediret.
493 1092 608 1131 Hisce
630 1091 808 1141 precibus
834 1090 997 1138 amplius
1029 1086 1197 1126 refistere

69 1161 228 1200 nolebat
250 1170 364 1211 atque
385 1172 471 1200 cum
492 1161 574 1200 aliis
588 1162 706 1200 Aurei
730 1161 881 1201 velleris
901 1158 1097 1208 equitibus
1121 1155 1200 1196 sex*

67 1237 111 1269 to
143 1231 230 1270 Kal.
258 1232 409 1280 Apriles
444 1243 479 1271 a.
518 1233 616 1280 1566
642 1228 855 1270 Bruxellam
879 1228 1075 1278 profectus
1097 1235 1170 1265 est.

76 1324 79 1332 ι
117 1299 323 1349 Postquam
371 1312 501 1340 omnes
546 1299 586 1339 in
641 1311 759 1339 unum
807 1308 910 1338 erant
955 1295 1200 1345 congregati,

70 1364 356 1414 Margarita
398 1381 463 1409 eos
494 1369 717 1412 admonuit,
759 1378 802 1403 ut
843 1363 1057 1403 sententiam
1099 1361 1201 1402 suam

71 1435 226 1477 candide
250 1437 493 1486 explicarent.
547 1436 650 1476 Tum
680 1434 731 1474 ita
761 1434 838 1474 fere
878 1435 984 1474 orsus
1019 1441 1080 1473 est
1105 1431 1202 1472 Gu-

72 1505 115 1544 li
128 1516 149 1544 e
161 1505 178 1544 l
190 1517 226 1544 m
242 1517 267 1544 u
280 1517 322 1545 s:

127 1602 155 1624 „
181 1575 339 1615 Utinam
363 1576 402 1614 in
425 1576 615 1626 principio
643 1575 859 1616 credidisses
894 1575 1022 1614 nobis.
1075 1572 1206 1614 Suase·

76 1671 110 1695 „
137 1656 261 1684 ramus
288 1646 314 1685 fi
341 1646 466 1686 morbi
489 1646 674 1686 saevitiam
720 1657 860 1696 ponere
908 1646 1048 1694 velles,
1083 1652 1208 1682 utere-

74 1735 109 1763 9,
136 1726 177 1754 re
202 1715 331 1765 potius
361 1717 442 1756 aliis
471 1717 641 1766 artibus,
671 1717 796 1766 iisque
826 1715 1066 1763 mitioribus,
1095 1726 1206 1763 quam

74 1809 107 1832 „
139 1793 241 1824 metu
277 1786 410 1826 mortis
439 1788 715 1827 contaminatos
741 1787 780 1825 in
812 1786 1106 1835 desperationem
1143 1784 1208 1823 ad-

73 1883 107 1915 3,
138 1856 311 1898 duceres.
366 1857 537 1906 Omnes,
569 1867 614 1897 ut
645 1858 778 1905 vides,
807 1858 972 1906 ejusdem
1004 1856 1119 1895 animi
1150 1853 1209 1894 su-

76 1952 110 1978 „
135 1940 245 1978 mus3
275 1928 491 1978 religionem
522 1928 757 1968 Catholicam
776 1928 909 1967 salvam
939 1928 1145 1974 volusium,
1170 1932 1208 1963 et

79 1999 157 2049 ,fist
199 1999 391 2048 integritas
419 2000 501 2050 ejus
536 2000 612 2039 fine
645 2010 717 2048 ope
756 1997 1020 2046 Inquisitionis
1058 1994 1210 2035 retineri

79 2096 114 2119 ‚‚
137 2079 216 2107 non
241 2068 384 2118 posfit;
413 2070 569 2118 agedum
597 2070 708 2119 digna
730 2070 819 2107 haec
843 2077 928 2116 est,
957 2067 1020 2106 cui
1035 2067 1207 2105 fortunas

81 2167 114 2189 ,‚
140 2137 395 2187 impendamus
419 2148 456 2178 et
489 2140 673 2188 spiritum.
700 2141 797 2187 Sed,
828 2147 872 2177 ut
909 2138 1021 2176 modo
1048 2134 1212 2183 audisti,

80 2220 122 2265 ‚⁹⁷
137 2208 251 2256 longe
276 2208 387 2246 nobis
417 2209 558 2249 diversa
589 2210 769 2249 sententia
803 2218 888 2257 est,
917 2206 1000 2246 tolli
1029 2216 1118 2254 ergo
1148 2206 1214 2244 de-

48 2275 54 2279 ’
82 2304 116 2330 ‚‚
141 2276 206 2315 bet
238 2285 297 2315 tot
328 2278 511 2317 malorum
546 2278 654 2328 seges
689 2287 802 2327 atque
845 2277 1019 2325 materia,
1064 2284 1108 2314 ut
1137 2285 1210 2313 nos

83 2374 117 2396 „
143 2346 311 2396 periculo
338 2346 483 2388 liberet.
538 2348 822 2398 Inquifitionem
864 2355 988 2386 tamen
1021 2353 1122 2383 recte
1156 2342 1214 2381 di-

1074 2441 1100 2463 „
1127 2411 1213 2450 stin-
