1524 2850
275 273 334 322 24
566 273 1100 320 ORATIO.

273 409 429 467 quibus
451 425 521 454 ars
547 409 738 455 aedificia
763 407 977 453 condendi
1002 414 1291 468 superstructa
1319 414 1400 460 est,

275 494 471 531 accurate
509 486 644 530 teneri
683 502 708 530 a
751 485 878 531 variis
921 486 1072 529 harum
1111 484 1265 528 artium
1306 484 1401 527 cul-

276 564 453 608 toribus.
486 562 677 607 Fabrum
702 562 921 621 lignarium
935 594 949 616 ,
979 569 1113 606 artem
1143 561 1245 619 ligni
1282 546 1402 605 scin-

274 640 403 684 dendi
429 639 474 684 in
497 648 724 699 aptamque
756 640 938 684 formam
976 637 1196 696 redigendi
1224 649 1401 682 noscere

273 732 361 762 non
393 724 555 761 tantum
592 717 739 772 decet3
784 723 830 762 ut
859 716 982 762 faber
1019 729 1242 760 murorum
1284 713 1399 772 lapi-

276 795 352 839 des
398 793 576 839 invicem
632 793 829 852 conjugat
880 806 968 837 non
1017 792 1153 837 solum
1202 796 1397 849 oportet3

273 871 354 916 sed
387 865 433 914 fii
474 871 600 916 etiam
642 871 765 929 plene
809 871 965 922 sciant,
1011 868 1114 926 quid
1150 867 1295 925 regio,
1327 869 1404 913 aer

273 948 439 992 coelum
489 946 653 1004 aliaque
705 945 862 989 saciant
913 953 985 990 aut
1034 945 1186 989 serant.
1258 943 1402 987 Faber

275 1039 315 1068 v.
346 1036 385 1067 c.
423 1022 468 1066 in
496 1029 642 1066 nostra
681 1021 852 1080 regione
868 1053 881 1075 ‚
911 1020 987 1065 ubi
1012 1028 1299 1080 temperatura
1320 1035 1401 1064 va-

274 1099 365 1154 ria,
397 1098 725 1158 athmosphaera
750 1099 999 1158 plerumque
1027 1098 1199 1144 humida
1216 1131 1228 1151 ,
1258 1104 1401 1143 muta-

272 1178 410 1223 tiones
449 1183 747 1235 tempestatum
785 1175 1030 1221 subitaneae
1063 1182 1184 1228 sunt,
1249 1180 1400 1219 noscat

274 1268 485 1312 quaenam
534 1252 723 1298 diversae
763 1253 863 1312 ligni
898 1253 1063 1312 species
1103 1253 1284 1297 maxime
1315 1251 1400 1296 sint

194 1321 197 1324 ’
271 1329 619 1375 accommodatae
643 1337 689 1373 ut
713 1329 758 1373 in
780 1345 899 1374 usum
927 1329 1232 1386 adhibeantur3
1265 1343 1400 1387 quae-

271 1421 374 1452 nam
405 1406 612 1465 ejusmodi
654 1406 763 1452 ae'ris
815 1407 1047 1455 conditioni
1070 1407 1263 1453 resistere
1291 1421 1400 1466 pos-

275 1485 359 1529 sint
374 1516 387 1538 ‚
430 1498 639 1542 quaenam
691 1484 791 1528 huic
836 1498 924 1528 non
971 1485 1258 1543 respondeant
1308 1482 1397 1529 fini.

273 1560 349 1606 Sic
388 1560 432 1604 in
467 1561 559 1605 aliis
587 1561 828 1618 regionibus
867 1560 1060 1605 facillime
1097 1560 1282 1619 lapides,
1327 1559 1400 1617 qui

273 1637 472 1683 aedificiis
519 1637 695 1695 aliisque
745 1637 949 1697 operibus
999 1636 1232 1682 condendis
1281 1636 1400 1682 adhi-

272 1717 455 1770 bentur,
495 1714 675 1762 invicem
717 1715 1053 1772 conjunguntur,
1085 1720 1125 1757 et
1164 1713 1264 1759 huic,
1290 1728 1400 1773 pro-⁴

271 1792 416 1853 posito
466 1799 672 1851 usurpata
708 1791 794 1848 jam
849 1791 994 1850 argilla
1035 1789 1201 1835 sufficit.
1263 1789 1399 1834 Aliter

271 1870 319 1914 in
354 1868 492 1928 patria
517 1886 525 1911 :
559 1875 824 1912 enumeratae
851 1868 935 1924 jam.
974 1867 1092 1926 prius
1121 1881 1272 1911 causae
1302 1867 1399 1912 effi-

276 1945 393 1990 ciunt
407 1952 467 1999 ‚ut
481 1944 550 1993 hic
566 1946 660 2003 plus
684 1944 930 2004 impendere
945 1944 1106 1991 laboris
1129 1958 1300 1988 necesse
1326 1944 1394 1990 sit.

273 2023 356 2070 Hic
381 2022 508 2080 igitur
534 2036 752 2067 murorum
793 2022 915 2065 faber
929 2053 942 2075 ‚
967 2028 1006 2066 et
1042 2021 1095 2066 de
1134 2021 1397 2066 diversorum

205 2160 208 2162 Ι
276 2098 464 2159 lapidum
490 2097 660 2143 dotibus
685 2105 726 2143 et
752 2098 805 2142 de
830 2097 909 2143 illis
931 2098 1058 2143 rebus
1074 2132 1086 2154 ,
1116 2113 1224 2156 quae
1251 2099 1305 2143 ad
1329 2100 1397 2144 la-

275 2175 398 2241 pides
426 2175 743 2234 conjungendos
771 2175 1145 2232 requiruntur-,uti
1172 2176 1225 2221 de
1248 2176 1396 2221 vario..

273 2268 369 2305 rum
409 2253 687 2307 cimentorum
725 2252 948 2314 speciebus
961 2284 976 2310 ,
1006 2253 1061 2300 de
1097 2252 1267 2304 cimenti
1289 2253 1397 2300 soli-

1297 2329 1394 2376 dio-
