1483 2860
366 244 885 320 ιιτειζᾼιυᾼς
1110 291 1185 331 127

55 403 90 427 a
112 377 308 427 munitae,
335 390 431 428 quae
453 379 508 428 fi,
535 379 686 422 favente
720 382 864 424 stimmo
886 385 1057 426 Numine
1072 415 1088 438 ,
1112 389 1187 428 ho-

61 473 87 495 „
111 446 223 487 stium
260 449 423 498 impetus
453 449 623 499 frangere
657 453 789 493 acriter
827 455 1056 507 persistant,
1102 469 1208 512 non-⁵

56 543 84 565 „
109 526 193 566 est,
221 519 326 567 quod
353 519 400 557 de
436 520 630 569 republica
654 524 911 573 desperemus.

108 614 134 636 ‚‚
160 586 293 627 Petitis
327 600 354 628 ¹a
395 589 539 639 nobis,
580 601 623 630 ut
657 605 728 632 vos
755 595 935 635 certiores
972 597 1183 649 faciamus,

55 681 83 704 ,,
107 665 198 695 num
227 669 314 697 cum
344 660 502 708 quadam
529 670 702 702 extranea
729 673 917 714 potestate
936 666 1072 707 foedus
1103 669 1183 709 san-

54 749 80 772 „
105 723 308 766 civerimus
324 755 339 775 ‚
377 729 478 768 unde
512 731 694 772 auxilium
723 733 867 784 sperare
906 736 1029 780 liceat.
1083 739 1183 778 Res-

52 818 82 842 „
104 794 264 843 ponsum
290 796 329 836 in
356 807 510 848 promtu
533 810 607 842 est.
661 804 876 854 Antequam
911 807 1012 846 enim
1046 805 1183 848 'Chris-

53 853 91 912 „⁵
104 863 225 906 tianae
258 867 446 908 Ecclesiae
470 871 687 921 patriaeque
711 877 908 925 oppressae
929 877 1073 918 causam
1101 878 1184 919 flus-

53 958 81 982 „
103 935 305 985 cepimus,
331 948 418 979 cum
446 939 584 981 summa
599 969 614 990 ,
642 954 737 992 quae
755 945 918 995 reliquas
942 959 1072 988 omnes
1096 949 1184 988 lon-

52 1031 79 1053 „
103 1014 154 1053 go
193 1015 284 1055 post
307 1008 342 1047 se
376 1009 576 1050 intervallo
609 1013 818 1064 relinquit,
858 1026 1073 1067 potestate,
1098 1019 1185 1059 foe-

50 1101 79 1121 „
103 1075 175 1114 dus
209 1076 412 1127 inivimus,
440 1081 533 1119 adeo
573 1081 721 1123 firmum
756 1093 869 1133 atque
907 1088 1096 1138 validum,
1136 1095 1183 1129 ut

47 1168 75 1193 „
99 1144 213 1184 nobis
244 1146 453 1195 persuasum
482 1151 713 1202 habeamus,
749 1165 822 1193 nos
850 1164 887 1195 et
912 1167 1067 1206 omnes,
1113 1159 1184 1209 qui

47 1239 75 1263 „
100 1213 190 1253 huic
238 1215 382 1255 foederi
427 1219 537 1259 fidem
585 1222 686 1262 haud
729 1235 896 1275 negant,
946 1229 1182 1283 aliquando,

46 1310 74 1332 „
99 1284 284 1333 quidquid
316 1297 450 1327 contra
486 1289 656 1330 nitantur
692 1292 852 1343 hostes,
895 1297 1010 1347 hujus
1048 1309 1182 1349 potes-

45 1378 72 1401 „
97 1352 186 1391 tatis
226 1354 348 1394 valida
389 1369 502 1397 manu
548 1360 672 1399 salvos
713 1364 888 1404 evasuros
924 1366 1016 1407 esse.
1080 1370 1182 1409 Ves-v

46 1447 73 1471 „
96 1429 196 1462 trum
233 1424 371 1466 interea
409 1437 493 1476 est,
543 1431 647 1488 hosti
684 1435 853 1480 gnaviter
893 1437 1074 1477 obfistere
1113 1451 1180 1479 ne-

46 1518 72 1540 „
99 1504 174 1540 que
202 1494 365 1535 animum
390 1498 636 1546 despondere.
694 1503 830 1542 Hostis
854 1517 968 1546 naves
1002 1509 1182 1558 instruit,

45 1589 72 1610 ‚‚
98 1570 142 1600 ut
181 1563 286 1603 Flevi
322 1565 520 1615 imperium
567 1569 635 1608 fibi
671 1572 859 1614 vindicare
903 1577 1037 1626 possit.
1104 1582 1182 1621 Ve-

46 1659 73 1681 „
97 1643 180 1672 rum
217 1645 314 1683 age,
362 1637 514 1677 classem
560 1650 722 1682 vestram
758 1645 793 1683 ei
832 1649 1038 1695 opponatis
1079 1651 1181 1701 ejus-

40 1729 74 1752 „
101 1715 178 1752 que
219 1706 428 1753 potentiam
463 1708 605 1749 virtute
637 1722 762 1753 vestra
805 1717 1023 1758 coerceatis.
1090 1720 1181 1771 Qua

43 1798 70 1821 ,‚
97 1772 136 1811 in
162 1785 202 1812 re
225 1775 498 1817 Zeelandorum
527 1779 722 1830 fingularis
764 1786 942 1834 audacia,
984 1789 1051 1836 qui
1087 1791 1179 1831 hos-

43 1868 69 1891 „
95 1851 170 1882 tem
207 1843 354 1894 saepius
377 1848 451 1897 jam
483 1852 728 1902 repulerunt,
757 1856 871 1895 vobis
898 1861 1072 1908 exemplo
1113 1860 1177 1901 in-

41 1927 72 1964 ,31
93 1913 229 1953 servire
259 1925 404 1964 potest.
458 1919 634 1960 Firmiter
678 1923 718 1962 in
759 1925 859 1966 bello
893 1929 1098 1976 persistatis
1136 1940 1175 1972 et

39 2009 67 2033 „
91 1984 278 2034 quidquid
315 1986 550 2036 superveniat
586 1994 833 2046 calamitatis,
869 2009 1064 2049 nunquam
1093 2003 1174 2042 ani-

38 2079 66 2102 „
89 2050 192 2093 m'um
217 2055 423 2106 amittatis,
450 2071 579 2100 verum
609 2064 815 2116 cogitetis,
855 2068 945 2110 belli
977 2069 1171 2114 fortunam

40 2147 67 2172 „
91 2120 232 2175 semper
260 2127 460 2177 ancipitem
485 2130 564 2170 esse
590 2133 707 2184 (1).'’

1094 2227 1171 2267 Ve-

74 2322 132 2366 (ι)
151 2328 222 2362 Vid.
246 2332 341 2370 Bor,
363 2334 426 2373 Op.
450 2338 471 2368 l.
495 2336 562 2368 Lib.
585 2340 640 2372 VI.
662 2342 720 2374 fol.
754 2346 823 2393 323.
853 2345 921 2382 sqq.
947 2362 989 2371 --
1011 2348 1171 2387 Hooft.

1104 2407 1164 2447 Op.
