<?xml version="1.0" encoding="UTF-8"?>
<!DOCTYPE html PUBLIC "-//W3C//DTD XHTML 1.0 Transitional//EN"
    "http://www.w3.org/TR/xhtml1/DTD/xhtml1-transitional.dtd">
<html xmlns="http://www.w3.org/1999/xhtml" xml:lang="en" lang="en">
 <head>
  <title>
</title>
<meta http-equiv="Content-Type" content="text/html;charset=utf-8" />
  <meta name='ocr-system' content='tesseract 3.04.00' />
  <meta name='ocr-capabilities' content='ocr_page ocr_carea ocr_par ocr_line ocrx_word'/>
</head>
<body>
  <div class='ocr_page' id='page_1' title='image "annalesacademiae29acad_0858.png"; bbox 0 0 1483 2860; ppageno 0'>
   <div class='ocr_carea' id='block_1_1' title="bbox 226 198 1142 252">
    <p class='ocr_par' dir='ltr' id='par_1_1' title="bbox 226 198 1142 252">
     <span class='ocr_line' id='line_1_1' title="bbox 226 198 1142 252; baseline 0.002 -5"><span class='ocrx_word' id='word_1_1' title='bbox 226 214 278 252; x_wconf 83' lang='lat'><strong>62</strong></span> <span class='ocrx_word' id='word_1_2' title='bbox 476 198 1142 249; x_wconf 84' lang='lat' dir='ltr'><strong>COMMENTATIO</strong></span> 
     </span>
    </p>
   </div>
   <div class='ocr_carea' id='block_1_2' title="bbox 199 306 1336 2384">
    <p class='ocr_par' dir='ltr' id='par_1_2' title="bbox 199 306 1336 2337">
     <span class='ocr_line' id='line_1_2' title="bbox 226 306 1336 368; baseline -0.001 -10"><span class='ocrx_word' id='word_1_3' title='bbox 226 317 320 359; x_wconf 80' lang='lat' dir='ltr'><strong>acidi</strong></span> <span class='ocrx_word' id='word_1_4' title='bbox 359 315 486 356; x_wconf 87' lang='lat' dir='ltr'><strong>acetici</strong></span> <span class='ocrx_word' id='word_1_5' title='bbox 519 306 624 355; x_wconf 85' lang='lat' dir='ltr'><strong>antea</strong></span> <span class='ocrx_word' id='word_1_6' title='bbox 670 326 766 364; x_wconf 88' lang='lat' dir='ltr'><strong>aqua</strong></span> <span class='ocrx_word' id='word_1_7' title='bbox 802 315 912 356; x_wconf 85' lang='lat' dir='ltr'><strong>diluti</strong></span> <span class='ocrx_word' id='word_1_8' title='bbox 949 326 1036 355; x_wconf 89' lang='lat' dir='ltr'><strong>cum</strong></span> <span class='ocrx_word' id='word_1_9' title='bbox 1076 316 1205 368; x_wconf 81' lang='lat' dir='ltr'><strong>baryta</strong></span> <span class='ocrx_word' id='word_1_10' title='bbox 1233 314 1336 360; x_wconf 65' lang='lat' dir='ltr'><strong>‘dum</strong></span> 
     </span>
     <span class='ocr_line' id='line_1_3' title="bbox 223 384 1336 431; baseline 0.001 -3"><span class='ocrx_word' id='word_1_11' title='bbox 223 388 319 429; x_wconf 92' lang='lat' dir='ltr'><strong>illud</strong></span> <span class='ocrx_word' id='word_1_12' title='bbox 355 388 500 426; x_wconf 88' lang='lat' dir='ltr'><strong>acidum</strong></span> <span class='ocrx_word' id='word_1_13' title='bbox 536 384 716 424; x_wconf 90' lang='lat' dir='ltr'><strong>aceticum</strong></span> <span class='ocrx_word' id='word_1_14' title='bbox 762 390 855 423; x_wconf 83' lang='lat' dir='ltr'><strong>cum&#39;</strong></span> <span class='ocrx_word' id='word_1_15' title='bbox 890 387 1092 425; x_wconf 83' lang='lat' dir='ltr'><strong>excedente</strong></span> <span class='ocrx_word' id='word_1_16' title='bbox 1134 387 1336 431; x_wconf 85' lang='lat' dir='ltr'><strong>carbonate</strong></span> 
     </span>
     <span class='ocr_line' id='line_1_4' title="bbox 221 453 1335 509; baseline 0.001 -12"><span class='ocrx_word' id='word_1_17' title='bbox 221 460 372 509; x_wconf 85' lang='lat' dir='ltr'><strong>barytae</strong></span> <span class='ocrx_word' id='word_1_18' title='bbox 403 453 690 501; x_wconf 81' lang='lat' dir='ltr'><strong>calefaciebant,</strong></span> <span class='ocrx_word' id='word_1_19' title='bbox 727 454 844 492; x_wconf 90' lang='lat' dir='ltr'><strong>donec</strong></span> <span class='ocrx_word' id='word_1_20' title='bbox 869 456 994 503; x_wconf 86' lang='lat' dir='ltr'><strong>liquor</strong></span> <span class='ocrx_word' id='word_1_21' title='bbox 1017 456 1181 496; x_wconf 88' lang='lat' dir='ltr'><strong>chartam</strong></span> <span class='ocrx_word' id='word_1_22' title='bbox 1215 458 1335 498; x_wconf 86' lang='lat' dir='ltr'><strong>helio-</strong></span> 
     </span>
     <span class='ocr_line' id='line_1_5' title="bbox 216 523 1334 578; baseline 0.001 -10"><span class='ocrx_word' id='word_1_23' title='bbox 216 529 346 578; x_wconf 88' lang='lat' dir='ltr'><strong>tropio</strong></span> <span class='ocrx_word' id='word_1_24' title='bbox 376 526 528 564; x_wconf 88' lang='lat' dir='ltr'><strong>tinctam</strong></span> <span class='ocrx_word' id='word_1_25' title='bbox 555 532 633 561; x_wconf 91' lang='lat' dir='ltr'><strong>non</strong></span> <span class='ocrx_word' id='word_1_26' title='bbox 654 523 814 572; x_wconf 84' lang='lat' dir='ltr'><strong>amplius</strong></span> <span class='ocrx_word' id='word_1_27' title='bbox 844 524 993 563; x_wconf 87' lang='lat' dir='ltr'>rubram</span> <span class='ocrx_word' id='word_1_28' title='bbox 1027 527 1226 578; x_wconf 82' lang='lat' dir='ltr'><strong>reddebat3</strong></span> <span class='ocrx_word' id='word_1_29' title='bbox 1251 541 1334 569; x_wconf 76' lang='lat' dir='ltr'><strong>ace-</strong></span> 
     </span>
     <span class='ocr_line' id='line_1_6' title="bbox 217 594 1331 644; baseline 0 -6"><span class='ocrx_word' id='word_1_30' title='bbox 217 606 329 638; x_wconf 87' lang='lat' dir='ltr'><strong>tatem</strong></span> <span class='ocrx_word' id='word_1_31' title='bbox 350 596 527 644; x_wconf 82' lang='lat' dir='ltr'><strong>barytae,</strong></span> <span class='ocrx_word' id='word_1_32' title='bbox 555 594 595 632; x_wconf 89' lang='lat' dir='ltr'><strong>in</strong></span> <span class='ocrx_word' id='word_1_33' title='bbox 616 602 863 642; x_wconf 76' lang='lat' dir='ltr'><strong>temperatura</strong></span> <span class='ocrx_word' id='word_1_34' title='bbox 888 606 1004 643; x_wconf 87' lang='lat' dir='ltr'><strong>aquae</strong></span> <span class='ocrx_word' id='word_1_35' title='bbox 1028 596 1242 637; x_wconf 83' lang='lat' dir='ltr'><strong>ebullientis</strong></span> <span class='ocrx_word' id='word_1_36' title='bbox 1267 610 1331 638; x_wconf 89' lang='lat' dir='ltr'><strong>ex-</strong></span> 
     </span>
     <span class='ocr_line' id='line_1_7' title="bbox 218 663 1332 715; baseline 0.001 -9"><span class='ocrx_word' id='word_1_37' title='bbox 218 667 393 707; x_wconf 77' lang='lat' dir='ltr'><strong>necatum</strong></span> <span class='ocrx_word' id='word_1_38' title='bbox 410 694 422 713; x_wconf 81' lang='grc'><strong>,</strong></span> <span class='ocrx_word' id='word_1_39' title='bbox 434 666 508 715; x_wconf 88' lang='lat' dir='ltr'><strong>jam</strong></span> <span class='ocrx_word' id='word_1_40' title='bbox 532 663 667 712; x_wconf 87' lang='lat' dir='ltr'><strong>analyfi</strong></span> <span class='ocrx_word' id='word_1_41' title='bbox 691 663 960 713; x_wconf 54' lang='lat' dir='ltr'><strong>subjiciebant}</strong></span> <span class='ocrx_word' id='word_1_42' title='bbox 988 675 1066 703; x_wconf 92' lang='lat' dir='ltr'><strong>non</strong></span> <span class='ocrx_word' id='word_1_43' title='bbox 1089 675 1211 706; x_wconf 88' lang='lat' dir='ltr'><strong>autem</strong></span> <span class='ocrx_word' id='word_1_44' title='bbox 1236 667 1332 707; x_wconf 90' lang='lat' dir='ltr'><strong>ill-ud</strong></span> 
     </span>
     <span class='ocr_line' id='line_1_8' title="bbox 213 733 1333 783; baseline 0 -6"><span class='ocrx_word' id='word_1_45' title='bbox 213 736 455 783; x_wconf 74' lang='lat' dir='ltr'><strong>calcinando-‚</strong></span> <span class='ocrx_word' id='word_1_46' title='bbox 482 733 543 773; x_wconf 86' lang='lat' dir='ltr'><strong>sed</strong></span> <span class='ocrx_word' id='word_1_47' title='bbox 567 734 820 782; x_wconf 82' lang='lat' dir='ltr'><strong>decompendo</strong></span> <span class='ocrx_word' id='word_1_48' title='bbox 855 734 1005 782; x_wconf 86' lang='lat' dir='ltr'><strong>pondus</strong></span> <span class='ocrx_word' id='word_1_49' title='bbox 1041 736 1235 775; x_wconf 82' lang='lat' dir='ltr'><strong>definitum</strong></span> <span class='ocrx_word' id='word_1_50' title='bbox 1258 737 1333 777; x_wconf 83' lang='lat' dir='ltr'><strong>sul-</strong></span> 
     </span>
     <span class='ocr_line' id='line_1_9' title="bbox 214 803 1331 858; baseline -0.001 -12"><span class='ocrx_word' id='word_1_51' title='bbox 214 807 341 858; x_wconf 88' lang='lat' dir='ltr'><strong>phatis</strong></span> <span class='ocrx_word' id='word_1_52' title='bbox 372 804 576 844; x_wconf 87' lang='lat' dir='ltr'><strong>ammoniae</strong></span> <span class='ocrx_word' id='word_1_53' title='bbox 613 815 702 853; x_wconf 87' lang='lat' dir='ltr'><strong>ope.</strong></span> <span class='ocrx_word' id='word_1_54' title='bbox 770 803 975 842; x_wconf 82' lang='lat' dir='ltr'><strong>Sumebant</strong></span> <span class='ocrx_word' id='word_1_55' title='bbox 1005 805 1158 854; x_wconf 79' lang='lat' dir='ltr'><strong>triginta</strong></span> <span class='ocrx_word' id='word_1_56' title='bbox 1190 817 1331 855; x_wconf 82' lang='lat' dir='ltr'><strong>grana,</strong></span> 
     </span>
     <span class='ocr_line' id='line_1_10' title="bbox 213 873 1331 929; baseline -0.002 -12"><span class='ocrx_word' id='word_1_57' title='bbox 213 889 311 929; x_wconf 86' lang='lat' dir='ltr'><strong>quae</strong></span> <span class='ocrx_word' id='word_1_58' title='bbox 341 875 464 925; x_wconf 87' lang='lat' dir='ltr'><strong>primo</strong></span> <span class='ocrx_word' id='word_1_59' title='bbox 504 874 543 912; x_wconf 91' lang='lat' dir='ltr'><strong>in</strong></span> <span class='ocrx_word' id='word_1_60' title='bbox 591 884 685 922; x_wconf 86' lang='lat' dir='ltr'><strong>aqua</strong></span> <span class='ocrx_word' id='word_1_61' title='bbox 725 873 843 912; x_wconf 88' lang='lat' dir='ltr'><strong>soluta</strong></span> <span class='ocrx_word' id='word_1_62' title='bbox 885 874 1223 923; x_wconf 78' lang='lat' dir='ltr'><strong>praecipitabantur</strong></span> <span class='ocrx_word' id='word_1_63' title='bbox 1256 886 1331 926; x_wconf 88' lang='lat' dir='ltr'><strong>ope</strong></span> 
     </span>
     <span class='ocr_line' id='line_1_11' title="bbox 210 943 1330 997; baseline -0.003 -10"><span class='ocrx_word' id='word_1_64' title='bbox 210 946 392 997; x_wconf 84' lang='lat' dir='ltr'><strong>sulphatis</strong></span> <span class='ocrx_word' id='word_1_65' title='bbox 417 943 632 985; x_wconf 86' lang='lat' dir='ltr'><strong>ammoniae.</strong></span> <span class='ocrx_word' id='word_1_66' title='bbox 663 943 946 991; x_wconf 87' lang='lat' dir='ltr'><strong>Praecipitatum</strong></span> <span class='ocrx_word' id='word_1_67' title='bbox 959 972 972 991; x_wconf 86' lang='lat'>‚</span> <span class='ocrx_word' id='word_1_68' title='bbox 989 946 1094 993; x_wconf 88' lang='lat' dir='ltr'><strong>quod</strong></span> <span class='ocrx_word' id='word_1_69' title='bbox 1112 945 1330 988; x_wconf 83' lang='lat' dir='ltr'><strong>continebat</strong></span> 
     </span>
     <span class='ocr_line' id='line_1_12' title="bbox 211 1014 1329 1069; baseline -0.004 -11"><span class='ocrx_word' id='word_1_70' title='bbox 211 1029 362 1069; x_wconf 83' lang='lat' dir='ltr'><strong>parvam</strong></span> <span class='ocrx_word' id='word_1_71' title='bbox 386 1014 564 1064; x_wconf 88' lang='lat' dir='ltr'><strong>sulphatis</strong></span> <span class='ocrx_word' id='word_1_72' title='bbox 595 1022 632 1052; x_wconf 93' lang='lat' dir='ltr'><strong>et</strong></span> <span class='ocrx_word' id='word_1_73' title='bbox 657 1014 808 1052; x_wconf 88' lang='lat' dir='ltr'><strong>acetatis</strong></span> <span class='ocrx_word' id='word_1_74' title='bbox 828 1014 1329 1064; x_wconf 15' lang='lat' dir='ltr'><strong>ammoniaessquantitatem,</strong></span> 
     </span>
     <span class='ocr_line' id='line_1_13' title="bbox 209 1083 1330 1139; baseline -0.004 -11"><span class='ocrx_word' id='word_1_75' title='bbox 209 1086 445 1139; x_wconf 87' lang='lat' dir='ltr'><strong>injiciebatur</strong></span> <span class='ocrx_word' id='word_1_76' title='bbox 476 1085 515 1122; x_wconf 87' lang='lat' dir='ltr'><strong>in</strong></span> <span class='ocrx_word' id='word_1_77' title='bbox 546 1083 780 1123; x_wconf 88' lang='lat' dir='ltr'><strong>crucibulum</strong></span> <span class='ocrx_word' id='word_1_78' title='bbox 817 1095 837 1122; x_wconf 91' lang='lat' dir='ltr'><strong>e</strong></span> <span class='ocrx_word' id='word_1_79' title='bbox 867 1084 1010 1133; x_wconf 89' lang='lat' dir='ltr'><strong>platino</strong></span> <span class='ocrx_word' id='word_1_80' title='bbox 1044 1083 1259 1124; x_wconf 86' lang='lat' dir='ltr'><strong>confectum</strong></span> <span class='ocrx_word' id='word_1_81' title='bbox 1292 1092 1330 1124; x_wconf 90' lang='lat' dir='ltr'><strong>et</strong></span> 
     </span>
     <span class='ocr_line' id='line_1_14' title="bbox 211 1154 1329 1208; baseline -0.002 -11"><span class='ocrx_word' id='word_1_82' title='bbox 211 1166 304 1208; x_wconf 88' lang='lat' dir='ltr'><strong>post</strong></span> <span class='ocrx_word' id='word_1_83' title='bbox 329 1155 605 1195; x_wconf 85' lang='lat' dir='ltr'><strong>calcinationem</strong></span> <span class='ocrx_word' id='word_1_84' title='bbox 634 1154 784 1202; x_wconf 86' lang='lat' dir='ltr'><strong>pondus</strong></span> <span class='ocrx_word' id='word_1_85' title='bbox 811 1154 971 1193; x_wconf 90' lang='lat' dir='ltr'><strong>habebat</strong></span> <span class='ocrx_word' id='word_1_86' title='bbox 993 1166 1050 1204; x_wconf 85' lang='lat' dir='ltr'><strong>gr.</strong></span> <span class='ocrx_word' id='word_1_87' title='bbox 1080 1164 1241 1205; x_wconf 73' lang='lat'><strong>25,445.</strong></span> <span class='ocrx_word' id='word_1_88' title='bbox 1266 1156 1329 1195; x_wconf 80' lang='lat' dir='ltr'><strong>Ex</strong></span> 
     </span>
     <span class='ocr_line' id='line_1_15' title="bbox 211 1224 1330 1276; baseline -0.004 -9"><span class='ocrx_word' id='word_1_89' title='bbox 211 1228 273 1268; x_wconf 87' lang='lat' dir='ltr'><strong>his</strong></span> <span class='ocrx_word' id='word_1_90' title='bbox 308 1226 424 1276; x_wconf 86' lang='lat' dir='ltr'><strong>igitur</strong></span> <span class='ocrx_word' id='word_1_91' title='bbox 453 1225 713 1273; x_wconf 81' lang='lat' dir='ltr'><strong>concludunt,</strong></span> <span class='ocrx_word' id='word_1_92' title='bbox 737 1224 881 1274; x_wconf 71' lang='lat' dir='ltr'><strong>(posito</strong></span> <span class='ocrx_word' id='word_1_93' title='bbox 914 1236 987 1264; x_wconf 87' lang='lat'><strong>100</strong></span> <span class='ocrx_word' id='word_1_94' title='bbox 1022 1234 1145 1274; x_wconf 80' lang='lat' dir='ltr'><strong>partes</strong></span> <span class='ocrx_word' id='word_1_95' title='bbox 1180 1225 1330 1274; x_wconf 81' lang='lat' dir='ltr'><strong>sulpha-</strong></span> 
     </span>
     <span class='ocr_line' id='line_1_16' title="bbox 210 1294 1330 1346; baseline -0.004 -9"><span class='ocrx_word' id='word_1_96' title='bbox 210 1299 262 1338; x_wconf 86' lang='lat' dir='ltr'><strong>tis</strong></span> <span class='ocrx_word' id='word_1_97' title='bbox 300 1298 451 1346; x_wconf 86' lang='lat' dir='ltr'><strong>barytae</strong></span> <span class='ocrx_word' id='word_1_98' title='bbox 483 1295 675 1334; x_wconf 87' lang='lat' dir='ltr'><strong>continere</strong></span> <span class='ocrx_word' id='word_1_99' title='bbox 704 1295 752 1342; x_wconf 85' lang='lat'><strong>67</strong></span> <span class='ocrx_word' id='word_1_100' title='bbox 776 1302 899 1342; x_wconf 87' lang='lat' dir='ltr'><strong>partes</strong></span> <span class='ocrx_word' id='word_1_101' title='bbox 923 1294 1075 1342; x_wconf 80' lang='lat' dir='ltr'><strong>barytae</strong></span> <span class='ocrx_word' id='word_1_102' title='bbox 1098 1304 1135 1332; x_wconf 93' lang='lat' dir='ltr'><strong>et</strong></span> <span class='ocrx_word' id='word_1_103' title='bbox 1166 1306 1213 1344; x_wconf 83' lang='grc'><strong>33</strong></span> <span class='ocrx_word' id='word_1_104' title='bbox 1244 1307 1330 1344; x_wconf 86' lang='lat' dir='ltr'><strong>par-</strong></span> 
     </span>
     <span class='ocr_line' id='line_1_17' title="bbox 210 1361 1328 1412; baseline -0.004 -6"><span class='ocrx_word' id='word_1_105' title='bbox 210 1376 268 1407; x_wconf 89' lang='lat' dir='ltr'><strong>tes</strong></span> <span class='ocrx_word' id='word_1_106' title='bbox 304 1366 398 1405; x_wconf 86' lang='lat' dir='ltr'><strong>acidi</strong></span> <span class='ocrx_word' id='word_1_107' title='bbox 435 1363 663 1412; x_wconf 89' lang='lat' dir='ltr'><strong>sulphurici)</strong></span> <span class='ocrx_word' id='word_1_108' title='bbox 712 1374 784 1400; x_wconf 91' lang='lat'><strong>100</strong></span> <span class='ocrx_word' id='word_1_109' title='bbox 817 1370 940 1411; x_wconf 89' lang='lat' dir='ltr'><strong>partes</strong></span> <span class='ocrx_word' id='word_1_110' title='bbox 986 1362 1138 1400; x_wconf 85' lang='lat' dir='ltr'><strong>acetatis</strong></span> <span class='ocrx_word' id='word_1_111' title='bbox 1177 1361 1328 1412; x_wconf 81' lang='lat' dir='ltr'><strong>barytae</strong></span> 
     </span>
     <span class='ocr_line' id='line_1_18' title="bbox 208 1431 1327 1483; baseline -0.006 -5"><span class='ocrx_word' id='word_1_112' title='bbox 208 1437 401 1478; x_wconf 87' lang='lat' dir='ltr'><strong>continere</strong></span> <span class='ocrx_word' id='word_1_113' title='bbox 425 1435 518 1473; x_wconf 87' lang='lat' dir='ltr'><strong>acidi</strong></span> <span class='ocrx_word' id='word_1_114' title='bbox 546 1432 676 1472; x_wconf 90' lang='lat' dir='ltr'><strong>acetici</strong></span> <span class='ocrx_word' id='word_1_115' title='bbox 697 1441 821 1481; x_wconf 85' lang='lat' dir='ltr'><strong>partes</strong></span> <span class='ocrx_word' id='word_1_116' title='bbox 845 1443 992 1480; x_wconf 82' lang='lat'>43‚17‚</span> <span class='ocrx_word' id='word_1_117' title='bbox 1019 1431 1170 1480; x_wconf 87' lang='lat' dir='ltr'><strong>barytae</strong></span> <span class='ocrx_word' id='word_1_118' title='bbox 1191 1433 1327 1483; x_wconf 85' lang='lat'><strong>56,83.</strong></span> 
     </span>
     <span class='ocr_line' id='line_1_19' title="bbox 208 1499 1329 1554; baseline -0.007 -5"><span class='ocrx_word' id='word_1_119' title='bbox 208 1532 211 1537; x_wconf 40' lang='grc' dir='ltr'><em>ν</em></span> <span class='ocrx_word' id='word_1_120' title='bbox 257 1510 452 1549; x_wconf 87' lang='lat' dir='ltr'><strong>Acetatem</strong></span> <span class='ocrx_word' id='word_1_121' title='bbox 477 1505 628 1554; x_wconf 85' lang='lat' dir='ltr'><strong>barytae</strong></span> <span class='ocrx_word' id='word_1_122' title='bbox 660 1503 734 1540; x_wconf 87' lang='lat' dir='ltr'><strong>hoc</strong></span> <span class='ocrx_word' id='word_1_123' title='bbox 761 1501 875 1539; x_wconf 88' lang='lat' dir='ltr'><strong>modo</strong></span> <span class='ocrx_word' id='word_1_124' title='bbox 903 1499 1121 1548; x_wconf 85' lang='lat' dir='ltr'><strong>acquifitum</strong></span> <span class='ocrx_word' id='word_1_125' title='bbox 1144 1501 1238 1542; x_wconf 90' lang='lat' dir='ltr'><strong>bene</strong></span> <span class='ocrx_word' id='word_1_126' title='bbox 1261 1502 1329 1541; x_wconf 90' lang='lat' dir='ltr'><strong>tri-</strong></span> 
     </span>
     <span class='ocr_line' id='line_1_20' title="bbox 209 1570 1329 1622; baseline -0.01 0"><span class='ocrx_word' id='word_1_127' title='bbox 209 1587 373 1622; x_wconf 82' lang='lat' dir='ltr'><strong>turatum</strong></span> <span class='ocrx_word' id='word_1_128' title='bbox 394 1586 480 1614; x_wconf 89' lang='lat' dir='ltr'><strong>cum</strong></span> <span class='ocrx_word' id='word_1_129' title='bbox 503 1574 669 1612; x_wconf 89' lang='lat' dir='ltr'><strong>chlorate</strong></span> <span class='ocrx_word' id='word_1_130' title='bbox 694 1570 862 1621; x_wconf 85' lang='lat' dir='ltr'><strong>potassae</strong></span> <span class='ocrx_word' id='word_1_131' title='bbox 883 1570 978 1609; x_wconf 89' lang='lat' dir='ltr'><strong>bene</strong></span> <span class='ocrx_word' id='word_1_132' title='bbox 1003 1571 1168 1610; x_wconf 87' lang='lat' dir='ltr'><strong>contrito</strong></span> <span class='ocrx_word' id='word_1_133' title='bbox 1182 1572 1329 1611; x_wconf 81' lang='lat' dir='ltr'><strong>&#39;misce-</strong></span> 
     </span>
     <span class='ocr_line' id='line_1_21' title="bbox 210 1641 1327 1699; baseline -0.009 -7"><span class='ocrx_word' id='word_1_134' title='bbox 210 1654 326 1699; x_wconf 88' lang='lat' dir='ltr'><strong>bant‚</strong></span> <span class='ocrx_word' id='word_1_135' title='bbox 360 1648 557 1694; x_wconf 87' lang='lat' dir='ltr'><strong>utriusque</strong></span> <span class='ocrx_word' id='word_1_136' title='bbox 585 1652 707 1683; x_wconf 86' lang='lat' dir='ltr'><strong>autem</strong></span> <span class='ocrx_word' id='word_1_137' title='bbox 725 1641 949 1681; x_wconf 77' lang='lat' dir='ltr'><strong>&#39;substantiae</strong></span> <span class='ocrx_word' id='word_1_138' title='bbox 973 1641 1217 1690; x_wconf 84' lang='lat' dir='ltr'><strong>quantitatem</strong></span> <span class='ocrx_word' id='word_1_139' title='bbox 1241 1651 1327 1682; x_wconf 90' lang='lat' dir='ltr'><strong>ante</strong></span> 
     </span>
     <span class='ocr_line' id='line_1_22' title="bbox 209 1711 1328 1762; baseline -0.01 1"><span class='ocrx_word' id='word_1_140' title='bbox 209 1719 524 1762; x_wconf 88' lang='lat' dir='ltr'><strong>combinationem</strong></span> <span class='ocrx_word' id='word_1_141' title='bbox 572 1715 667 1753; x_wconf 94' lang='lat' dir='ltr'><strong>bene</strong></span> <span class='ocrx_word' id='word_1_142' title='bbox 712 1711 1017 1752; x_wconf 86' lang='lat' dir='ltr'><strong>determinabant.</strong></span> <span class='ocrx_word' id='word_1_143' title='bbox 1096 1712 1183 1750; x_wconf 91' lang='lat' dir='ltr'><strong>Hoc</strong></span> <span class='ocrx_word' id='word_1_144' title='bbox 1223 1711 1328 1752; x_wconf 88' lang='lat' dir='ltr'><strong>facto</strong></span> 
     </span>
     <span class='ocr_line' id='line_1_23' title="bbox 212 1782 1329 1833; baseline -0.008 0"><span class='ocrx_word' id='word_1_145' title='bbox 212 1792 401 1833; x_wconf 85' lang='lat' dir='ltr'><strong>miscelam</strong></span> <span class='ocrx_word' id='word_1_146' title='bbox 446 1786 707 1828; x_wconf 90' lang='lat' dir='ltr'><strong>humectabant</strong></span> <span class='ocrx_word' id='word_1_147' title='bbox 747 1792 861 1832; x_wconf 89' lang='lat' dir='ltr'><strong>atque</strong></span> <span class='ocrx_word' id='word_1_148' title='bbox 899 1783 938 1821; x_wconf 92' lang='lat' dir='ltr'><strong>in</strong></span> <span class='ocrx_word' id='word_1_149' title='bbox 980 1782 1130 1832; x_wconf 85' lang='lat' dir='ltr'><strong>pillulas</strong></span> <span class='ocrx_word' id='word_1_150' title='bbox 1174 1784 1329 1824; x_wconf 89' lang='lat' dir='ltr'><strong>reduce-</strong></span> 
     </span>
     <span class='ocr_line' id='line_1_24' title="bbox 199 1851 1328 1910; baseline -0.01 -7"><span class='ocrx_word' id='word_1_151' title='bbox 199 1851 328 1910; x_wconf 74' lang='lat' dir='ltr'><strong>bant,</strong></span> <span class='ocrx_word' id='word_1_152' title='bbox 357 1871 450 1910; x_wconf 89' lang='lat' dir='ltr'><strong>quas</strong></span> <span class='ocrx_word' id='word_1_153' title='bbox 476 1857 585 1905; x_wconf 83' lang='lat' dir='ltr'><strong>dein,</strong></span> <span class='ocrx_word' id='word_1_154' title='bbox 614 1862 860 1905; x_wconf 88' lang='lat' dir='ltr'><strong>temperatura</strong></span> <span class='ocrx_word' id='word_1_155' title='bbox 881 1864 999 1902; x_wconf 89' lang='lat' dir='ltr'><strong>aquae</strong></span> <span class='ocrx_word' id='word_1_156' title='bbox 1017 1852 1230 1892; x_wconf 89' lang='lat' dir='ltr'><strong>ebullientis</strong></span> <span class='ocrx_word' id='word_1_157' title='bbox 1263 1865 1328 1893; x_wconf 80' lang='lat' dir='ltr'><strong>ex·</strong></span> 
     </span>
     <span class='ocr_line' id='line_1_25' title="bbox 214 1922 1327 1982; baseline -0.01 -9"><span class='ocrx_word' id='word_1_158' title='bbox 214 1934 390 1982; x_wconf 18' lang='lat' dir='ltr'><strong>liccat-as,</strong></span> <span class='ocrx_word' id='word_1_159' title='bbox 419 1927 686 1968; x_wconf 84' lang='lat' dir='ltr'><strong>comburebant</strong></span> <span class='ocrx_word' id='word_1_160' title='bbox 714 1926 752 1964; x_wconf 85' lang='lat' dir='ltr'><strong>in</strong></span> <span class='ocrx_word' id='word_1_161' title='bbox 781 1935 950 1972; x_wconf 85' lang='lat' dir='ltr'><strong>congruo</strong></span> <span class='ocrx_word' id='word_1_162' title='bbox 983 1930 1175 1972; x_wconf 87' lang='lat' dir='ltr'><strong>apparatu.</strong></span> <span class='ocrx_word' id='word_1_163' title='bbox 1204 1922 1327 1972; x_wconf 83' lang='lat' dir='ltr'><strong>Supra</strong></span> 
     </span>
     <span class='ocr_line' id='line_1_26' title="bbox 212 1993 1332 2048; baseline -0.009 -6"><span class='ocrx_word' id='word_1_164' title='bbox 212 2001 434 2043; x_wconf 89' lang='lat' dir='ltr'><strong>mercurium</strong></span> <span class='ocrx_word' id='word_1_165' title='bbox 471 1998 653 2048; x_wconf 88' lang='lat' dir='ltr'><strong>producta</strong></span> <span class='ocrx_word' id='word_1_166' title='bbox 687 1994 887 2044; x_wconf 82' lang='lat' dir='ltr'><strong>gasformia</strong></span> <span class='ocrx_word' id='word_1_167' title='bbox 924 1993 1200 2032; x_wconf 86' lang='lat' dir='ltr'><strong>combustionis</strong></span> <span class='ocrx_word' id='word_1_168' title='bbox 1234 1993 1332 2033; x_wconf 83' lang='lat' dir='ltr'><strong>reci·</strong></span> 
     </span>
     <span class='ocr_line' id='line_1_27' title="bbox 199 2063 1330 2124; baseline -0.01 -13"><span class='ocrx_word' id='word_1_169' title='bbox 199 2073 438 2124; x_wconf 60' lang='lat' dir='ltr'><strong>vplebantur²</strong></span> <span class='ocrx_word' id='word_1_170' title='bbox 472 2077 585 2117; x_wconf 89' lang='lat' dir='ltr'><strong>atque</strong></span> <span class='ocrx_word' id='word_1_171' title='bbox 609 2075 697 2106; x_wconf 91' lang='lat' dir='ltr'><strong>tunc</strong></span> <span class='ocrx_word' id='word_1_172' title='bbox 737 2074 863 2104; x_wconf 86' lang='lat' dir='ltr'><strong>exacte</strong></span> <span class='ocrx_word' id='word_1_173' title='bbox 888 2063 1227 2102; x_wconf 86' lang='lat' dir='ltr'><strong>determinabantur</strong></span> <span class='ocrx_word' id='word_1_174' title='bbox 1258 2074 1330 2102; x_wconf 88' lang='lat' dir='ltr'><strong>vo-</strong></span> 
     </span>
     <span class='ocr_line' id='line_1_28' title="bbox 212 2134 1330 2194; baseline -0.01 -12"><span class='ocrx_word' id='word_1_175' title='bbox 212 2143 353 2194; x_wconf 80' lang='lat' dir='ltr'><strong>1umina</strong></span> <span class='ocrx_word' id='word_1_176' title='bbox 389 2139 541 2180; x_wconf 87' lang='lat' dir='ltr'><strong>relativa</strong></span> <span class='ocrx_word' id='word_1_177' title='bbox 575 2150 638 2188; x_wconf 89' lang='lat' dir='ltr'><strong>gas</strong></span> <span class='ocrx_word' id='word_1_178' title='bbox 670 2135 765 2176; x_wconf 90' lang='lat' dir='ltr'><strong>acidi</strong></span> <span class='ocrx_word' id='word_1_179' title='bbox 801 2134 990 2174; x_wconf 87' lang='lat' dir='ltr'><strong>carbonici</strong></span> <span class='ocrx_word' id='word_1_180' title='bbox 1024 2142 1060 2172; x_wconf 91' lang='lat' dir='ltr'><strong>et</strong></span> <span class='ocrx_word' id='word_1_181' title='bbox 1090 2145 1153 2183; x_wconf 88' lang='lat' dir='ltr'><strong>ges</strong></span> <span class='ocrx_word' id='word_1_182' title='bbox 1189 2144 1330 2183; x_wconf 85' lang='lat' dir='ltr'><strong>oxyge-</strong></span> 
     </span>
     <span class='ocr_line' id='line_1_29' title="bbox 213 2204 1329 2262; baseline -0.013 -7"><span class='ocrx_word' id='word_1_183' title='bbox 213 2217 295 2256; x_wconf 71' lang='lat' dir='ltr'><strong>niit</strong></span> <span class='ocrx_word' id='word_1_184' title='bbox 324 2224 401 2262; x_wconf 90' lang='lat' dir='ltr'><strong>quo</strong></span> <span class='ocrx_word' id='word_1_185' title='bbox 435 2209 535 2250; x_wconf 85' lang='lat' dir='ltr'><strong>facto</strong></span> <span class='ocrx_word' id='word_1_186' title='bbox 567 2207 691 2247; x_wconf 88' lang='lat' dir='ltr'><strong>omnia</strong></span> <span class='ocrx_word' id='word_1_187' title='bbox 715 2207 822 2254; x_wconf 83' lang='lat' dir='ltr'><strong>data,</strong></span> <span class='ocrx_word' id='word_1_188' title='bbox 849 2205 895 2244; x_wconf 88' lang='lat' dir='ltr'><strong>ad</strong></span> <span class='ocrx_word' id='word_1_189' title='bbox 916 2204 1201 2255; x_wconf 89' lang='lat' dir='ltr'><strong>proportionem</strong></span> <span class='ocrx_word' id='word_1_190' title='bbox 1224 2204 1329 2253; x_wconf 87' lang='lat' dir='ltr'><strong>prin-</strong></span> 
     </span>
     <span class='ocr_line' id='line_1_30' title="bbox 215 2273 1329 2337; baseline -0.012 -13"><span class='ocrx_word' id='word_1_191' title='bbox 215 2285 400 2337; x_wconf 78' lang='lat' dir='ltr'><strong>cipiorum</strong></span> <span class='ocrx_word' id='word_1_192' title='bbox 428 2280 670 2323; x_wconf 84' lang='lat' dir='ltr'><strong>mediatorum</strong></span> <span class='ocrx_word' id='word_1_193' title='bbox 697 2277 736 2317; x_wconf 90' lang='lat' dir='ltr'><strong>in</strong></span> <span class='ocrx_word' id='word_1_194' title='bbox 760 2275 958 2316; x_wconf 87' lang='lat' dir='ltr'><strong>substantia</strong></span> <span class='ocrx_word' id='word_1_195' title='bbox 983 2273 1178 2326; x_wconf 87' lang='lat' dir='ltr'><strong>vegetabili</strong></span> <span class='ocrx_word' id='word_1_196' title='bbox 1209 2274 1329 2313; x_wconf 83' lang='lat' dir='ltr'><strong>deter-</strong></span> 
     </span>
    </p>

    <p class='ocr_par' dir='ltr' id='par_1_3' title="bbox 1259 2355 1331 2384">
     <span class='ocr_line' id='line_1_31' title="bbox 1259 2355 1331 2384; baseline -0.014 0"><span class='ocrx_word' id='word_1_197' title='bbox 1259 2355 1331 2384; x_wconf 82' lang='lat' dir='ltr'><strong>nu-</strong></span> 
     </span>
    </p>
   </div>
  </div>
 </body>
</html>
