1483 2860
301 241 716 284 COMMENTATm
761 245 1016 295 mmmm
1175 261 1226 299 49

593 373 632 420 §-
692 384 728 412 1.

261 501 322 540 De
346 501 531 551 effectibus
555 504 831 543 conventionum
857 506 898 543 in
917 517 1066 556 genere.

153 638 185 677 1.
213 639 248 678 E
291 641 542 680 conventione
578 643 699 681 oritur
736 643 831 681 inter
861 653 985 693 partes
1012 645 1107 695 juris
1137 645 1220 684 vin-

99 708 255 757 culum,
283 722 303 749 a
332 723 409 758 quo
442 713 566 750 neutri
594 725 716 752 earum
752 713 869 752 invita
904 716 1015 753 altera
1050 716 1218 754 recedere

97 779 210 828 lIcet3
240 791 372 820 mutuo
408 792 527 822 tamen
554 783 731 822 consensu
758 796 819 822 eae
848 784 1011 822 revocari
1043 784 1218 833 possunt.

103 878 128 898 „
156 850 327 898 Sicut‚”
379 852 429 890 ita
477 854 688 891 rescribunt
727 854 985 893 Diocletianus
1022 864 1059 893 et
1095 855 1219 894 Maxi·

100 918 244 958 mianus
276 921 455 968 Licinio,
487 952 511 970 ,‚
538 923 646 961 initio
673 923 787 962 iibera
812 934 977 972 potestas
1001 913 1219 974 “unicuique

104 1017 129 1038 ‚‚
155 999 213 1028 est
237 991 423 1038 habendi,
475 993 534 1030 vel
562 1004 639 1031 non
677 993 835 1032 habendi
872 1005 1117 1046 contractus;
1170 996 1222 1035 ita

102 1088 127 1107 „
153 1061 368 1098 renunciare
390 1060 499 1099 semel
524 1061 744 1101 constitutae
769 1058 988 1113 obligationi
1012 1065 1218 1104 adversario

95 1121 128 1177 ⁹„
153 1139 230 1165 non
243 1128 532 1195 ⁸consentiente,
556 1143 666 1170 nemo
688 1142 829 1181 potest.
883 1135 967 1184 Qua
990 1144 1145 1183 propter
1165 1137 1224 1174 in·

101 1226 126 1247 ‚‚
152 1199 317 1248 teiligere
352 1199 524 1246 debetiS‚
577 1203 810 1241 voluntariae
854 1204 1078 1254 obligationi
1112 1205 1222 1245 semel

94 1284 126 1317 ·„
151 1280 222 1307 vos
250 1280 367 1308 nexos
385 1299 397 1318 ‚
423 1270 468 1308 ab
497 1272 591 1319 hac,
620 1284 696 1310 non
729 1273 982 1313 consentiente
1004 1277 1114 1314 altera
1135 1288 1222 1324 par-

95 1353 124 1388 ·„
150 1348 215 1387 te,
251 1341 359 1390 cujus
392 1342 569 1390 precibus
599 1342 742 1381 fecistis
777 1345 1029 1394 mentionem,
1066 1346 1219 1386 minime

94 1423 125 1459 ·,‚
151 1410 261 1460 posse
291 1413 493 1450 discedere.
511 1413 535 1429 ”
563 1413 614 1451 L.
642 1426 683 1462 4.
710 1414 762 1453 C.
792 1415 838 1452 de
862 1415 909 1454 Ο,
942 1425 978 1453 et
1001 1417 1052 1455 A.

147 1481 276 1530 Quum
302 1482 416 1530 igitur
436 1483 533 1520 inter
556 1485 817 1523 contrahentes
845 1497 865 1524 e
887 1489 1140 1526 conventione
1160 1490 1221 1528 lex

97 1550 244 1599 oritur,
297 1553 395 1590 valet
437 1565 590 1602 quoque
629 1555 782 1603 regula,
835 1556 1018 1595 neminem
1060 1559 1217 1598 alterum

97 1620 206 1671 posse
229 1622 395 1670 obiigare
413 1650 424 1670 ‚
451 1634 574 1671 neque
596 1625 700 1662 alteri
727 1625 868 1673 aliquid
892 1626 1070 1675 stipulari.
1098 1630 1133 1677 ἕ.
1157 1632 1219 1668 18.

96 1704 163 1730 20.
204 1691 242 1741 J.
281 1692 327 1730 de
368 1692 463 1732 inut.
507 1694 649 1742 Stipul.
702 1695 852 1734 Nititur
875 1696 967 1736 illud
994 1698 1221 1749 principium
1260 1730 1263 1733 v

95 1761 298 1810 consensu,
337 1763 403 1810 qui
433 1775 453 1801 a
480 1765 648 1813 partibus
684 1767 990 1818 contrahentibus
1030 1769 1220 1819 interponi

94 1831 232 1880 debet;
274 1844 356 1871 nam
397 1833 470 1872 fine
497 1847 541 1872 eo
566 1839 769 1874 conventio
806 1837 896 1876 inita
931 1849 1009 1877 non
1037 1840 1220 1880 censetur.

96 1901 230 1941 Omnis
260 1914 349 1941 vero
384 1905 586 1942 conventio
614 1907 659 1944 ad
692 1906 845 1945 heredes
880 1908 1034 1956 transit,
1089 1918 1163 1948 tam
1199 1923 1220 1950 a

92 1981 197 2022 parte
229 1973 410 2011 debitoris
447 1986 555 2022 quarn
589 1987 609 2012 a
644 1986 747 2024 parte
785 1978 1010 2026 creditoris,
1049 1979 1116 2019 nifi
1154 1990 1220 2020 aut

93 2053 204 2092 pacto
230 2052 294 2082 aut
325 2043 510 2093 aiiajtuis
545 2045 686 2083 ratione
721 2045 896 2087 statutum
934 2048 1006 2097 fit,
1046 2061 1093 2088 ne
1124 2051 1222 2089 obli-

93 2106 194 2160 gatio
226 2113 417 2162 personam
458 2115 712 2154 contrahentis
750 2119 901 2157 excedat
928 2121 1012 2168 (1).
1075 2122 1222 2160 Dantur

93 2181 242 2231 quidem
271 2196 292 2222 a
316 2186 443 2234 regula
467 2185 535 2225 hac
562 2187 722 2235 generali
747 2189 984 2238 exceptiones
1015 2192 1219 2239 quaedam3

1141 2271 1221 2299 Orn-

133 2322 186 2360 (ι)
207 2323 597 2360 WunkoenIg,1.1.
620 2327 681 2356 ΝΟ.
703 2332 772 2364 485.

643 2383 677 2421 D
