1524 2850
414 280 947 343 oRArro.
1181 282 1238 323 αι

120 427 216 488 pius
237 455 239 457 ·
259 439 338 470 nec
384 429 499 467 sorte
549 419 737 465 contenti
763 418 877 470 sint,
930 421 972 460 et
994 412 1150 457 minus
1190 411 1246 455 ad

120 506 293 550 labores
321 501 412 562 apti
447 499 682 545 reddantur
697 529 710 552 ‚
742 510 849 553 quos
892 499 1160 537 contemnere
1188 489 1249 534 ita

120 581 332 642 incipiunt
350 611 362 633 ‚
417 592 548 636 quare
587 575 633 618 id
672 586 745 620 eos
784 572 867 617 sibi
919 569 1121 615 continuo·
1160 578 1253 613 esse

126 658 455 720 proposituros‚
485 662 532 699 ut
573 664 623 697 e‘x
655 649 869 695 inferioris
898 647 1062 693 ordinis
1099 645 1254 691 condi-

127 736 244 781 tione
267 734 348 779 sad
398 732 605 789 majorem
657 727 929 788 perveniant3
983 724 1125 782 quod,
1173 721 1256 768 nisi

131 827 229 859 cum
274 802 511 858 suniversae
563 805 776 853 societatis
828 802 1110 857 detrimento,
1165 799 1260 845 fieri

132 904 226 944 ‚non
264 897 421 949 potest.

130 1013 136 1018 ,
192 967 272 1012 His
327 964 673 1025 respondendum
727 961 915 1007 arbitror
930 992 942 1014 ,
999 958 1038 1003 si
1087 955 1262 1015 quando

139 1045 305 1091 accidat
347 1050 396 1087 ut
440 1041 647 1099 ejusmodi
688 1039 742 1084 sit
782 1045 955 1083 nostrae
990 1032 1265 1079 institutionis

138 1122 230 1176 vis,
273 1121 386 1167 hanc
424 1120 461 1163 ei
503 1129 599 1163 cum
640 1117 778 1162 omnis
831 1112 1015 1175 generis-
1033 1109 1269 1156 institutio-

141 1210 196 1248 ne
213 1231 226 1254 ,
258 1214 344 1256 qua
381 1196 594 1241 inferioris
632 1190 814 1239 ordinis'
832 1189 1029 1236 homines
1067 1195 1271 1242 utuntur,

137 1286 413 1338 ‘communem
441 1289 560 1328 esse,
600 1283 738 1330 neque
761 1278 902 1315 tamen
938 1267 1085 1326 negari
1115 1280 1271 1325 posse,

145 1354 439 1413 maximopere
465 1351 657 1397 societati
681 1347 894 1410 profuisse
928 1345 1140 1392 variarum
1180 1342 1275 1388 dis-

104 1481 107 1483 ,
148 1432 400 1492 ciplinarum
416 1463 427 1485 ‚
470 1429 606 1488 magis
661 1443 789 1486 quam
830 1424 1023 1486 pristinis
1064 1420 1278 1481 tempori-

149 1510 259 1562 bus,
283 1509 396 1553 inter
451 1507 621 1567 plebem
658 1520 809 1566 sparsa
841 1502 1069 1564 principia.
1129 1501 1279 1559 Neque

155 1585 477 1631 concedendum
511 1592 644 1644 puto,
688 1582 1010 1642 perversitatem
1051 1579 1178 1624 istam
1226 1592 1279 1624 ex

156 1663 242 1709 hac
278 1662 539 1711 institatione
580 1661 786 1708 orituram
820 1667 938 1712 esse,
983 1672 1110 1715 quam
1137 1655 1282 1715 potius

153 1741 433 1801 imperfectae
470 1738 791 1798 disciplinarum
840 1734 1074 1795 cognitioni
1107 1732 1283 1778 leviori·-

145 1833 242 1878 .que
280 1833 424 1865 earum
461 1815 708 1862 tractationi
749 1814 952 1860 tribuam.
1012 1811 1112 1870 Quo
1148 1808 1285 1868 magis

145 1896 270 1942 enim
306 1902 508 1941 accurata
542 1893 725 1938 habetur
765 1891 827 1938 rei
864 1889 1014 1937 notitia
1029 1921 1042 1943 ,
1074 1903 1125 1933 eo
1150 1886 1287 1944 magis

157 1980 370 2035 apparent
414 1973 505 2031 ejus
556 1971 738 2031 dignitas
789 1976 830 2014 et
875 1967 1100 2013 difficultas
1117 1983 1149 2022 3.
1174 1971 1214 2010 et
1249 1963 1289 2009 is

159 2051 359 2112 profecto
377 2083 388 2104 ‚
406 2050 480 2108 qui
503 2050 633 2095 semel
660 2049 722 2094 rei
751 2042 1287 2106 dignitatemfflfflitatem,
1311 2071 1330 2086 .-

151 2129 437 2175 -commodum
479 2127 560 2172 rite
594 2125 842 2186 perspexit,
886 2138 974 2169 non
1011 2122 1134 2169 facile
1176 2121 1290 2166 hanc

165 2206 424 2264 negligenter
448 2204 679 2259 tractabit,
710 2203 785 2249 sed
813 2209 965 2249 contra
990 2199 1144 2260 majoli
1175 2198 1293 2245 illam

169 2282 327 2331 ardore
363 2290 672 2343 prosecuturus*
706 2280 885 2330 videtur.

313 2365 318 2369 ”
1192 2351 1296 2401 Ple-
