1483 2860
210 205 257 250 64
446 202 1109 271 COMMENTATIO

201 310 485 359 resipiscentiam
504 314 763 362 promitterent
789 317 887 366 (03
917 317 962 356 ab
985 319 1098 358 altera
1125 330 1212 359 vero
1232 325 1317 374 pat-'-v

201 388 239 419 te
271 383 310 420 in
340 390 499 421 extrema
534 395 644 422 ruens
663 413 677 433 ,
711 390 865 434 omnes,
905 387 970 435 qui
1003 385 1121 427 edicta
1147 389 1208 428 sua
1235 401 1314 429 non

202 445 511 499 exsequerentur,
563 454 789 493 anathemate
822 464 1005 504 perpetuo
1031 443 1314 506 percutiendos

201 521 276 566 esse
301 522 493 568 decrevit,
520 531 556 560 et
591 552 615 571 ,‚
641 524 811 563 homines
837 524 997 564 severius·
1035 525 1085 564 ob
1116 526 1315 566 humanam

203 618 228 640 ,‚
252 593 366 640 legem
384 621 397 638 ‚
432 604 540 640 quam
565 594 614 632 ob
637 594 795 633 divinam
820 594 992 634 violatam
1008 624 1021 643 ,
1048 595 1182 645 punire
1212 595 1314 635 visus

202 689 227 710 ‚‚
256 670 313 700 est
336 662 362 678 ”
386 662 471 711 (2).
911 654 913 657 ¹

595 759 890 778 ⁶——

247 823 309 862 Eo
342 824 456 873 igitur
490 826 720 864 auctoritatis
746 838 961 876 pervenerat
992 829 1222 878 hierarchia,
1247 839 1312 869 an·

198 902 248 931 no
271 905 366 943 1073
384 906 397 943 3
426 904 591 943 tempora
612 905 732 934 autem
747 897 947 945 praesentia
961 898 1168 938 futurarum
1190 908 1310 938 rerum

197 971 299 1001 erant
324 965 500 1013 gravida,
532 965 655 1003 omnia
683 967 756 1015 J‘am
789 968 961 1016 majorem
989 969 1063 1007 vim
1096 968 1308 1019 spirabant3

196 1032 236 1070 in
250 1033 450 1072 Alexandri
470 1033 702 1073 facinoribus
728 1035 1019 1075 Hildebrandum
1043 1050 1101 1076 res
1130 1050 1198 1087 pro
1215 1039 1311 1078 arbi-v

195 1104 269 1142 trio
303 1103 612 1143 administrantem
643 1106 740 1154 (3),
769 1118 898 1155 magna
926 1108 1178 1157 cogitantem,
1204 1109 1311 1148 futu·

193 1185 234 1212 ra
253 1183 529 1223 praeparantem
551 1176 890 1215 animadvertimus.
919 1177 974 1216 Ut
1000 1189 1085 1215 vero
1110 1179 1208 1217 hunc
1238 1177 1305 1217 suo

196 1244 322 1283 Marte
336 1253 501 1292 agentem
518 1246 724 1284 intueamur
735 1275 748 1294 ,
769 1247 946 1285 desiderio
958 1247 1154 1296 flagramus
1170 1261 1182 1296 ;
1199 1249 1245 1286 ad
1255 1248 1310 1287 al·

193 1323 306 1353 teram
327 1316 377 1353 ita
398 1317 509 1364 huJ‘us
536 1317 860 1355 commentationis
884 1311 1023 1365 partem
1047 1327 1301 1367 transeamus;

193 1385 238 1423 ad
263 1384 380 1433 ipsum
405 1385 630 1435 Gregorium
665 1387 766 1434 VII,
793 1399 911 1425 novae
939 1387 1040 1425 ilium
1074 1387 1311 1427 conditionis

192 1454 501 1503 auctoritatisque
529 1456 774 1495 hierarchicae
803 1466 1017 1504 auctorem,
1045 1457 1083 1495 in
1111 1470 1184 1505 qua
1215 1470 1304 1508 pro-

192 1526 334 1575 positae
348 1527 576 1574 quaestionis
600 1525 762 1565 versatur
786 1527 920 1574 cardo,
947 1537 987 1565 ac
1010 1527 1172 1577 optimae
1196 1527 1271 1578 spei
1287 1551 1303 1577 ‚

194 1607 288 1644 quae
320 1596 481 1634 animum
510 1596 699 1644 incendit,
726 1596 853 1635 causa!

233 1727 287 1763 (t)
316 1729 407 1759 conf.
439 1730 627 1764 Venema,
673 1730 761 1758 Hist.
792 1728 909 1764 Eccles.
939 1729 1028 1758 Tom.
1064 1729 1104 1759 V.
1139 1735 1206 1764 pag.
1234 1732 1300 1765 ⁵89·

195 1788 274 1817 clar.
296 1787 386 1817 Kist
415 1797 486 1815 over
516 1787 571 1814 den
605 1786 827 1822 Aflnathandel
857 1786 888 1814 in
910 1786 950 1814 N.
976 1786 1012 1815 C.
1034 1785 1122 1814 Kist
1146 1793 1185 1813 en
1208 1785 1247 1815 1-1.
1266 1785 1299 1825 J.

195 1831 423 1879 Royaards,
451 1845 593 1879 Archief
610 1854 680 1872 νοω·
701 1841 883 1876 Kerkelijkc
910 1842 1013 1877 Gesch.
1035 1843 1060 1871 I.
1086 1850 1154 1877 pag·
1181 1849 1246 1876 154.

231 1902 286 1938 (2)
305 1903 397 1938 Quam
425 1902 464 1930 ob
487 1902 603 1938 causam
627 1903 771 1930 Petrus
794 1900 1009 1930 Damianus
1034 1898 1216 1927 Pontificem
1234 1899 1300 1927 Ro-

193 1967 311 1989 manum
342 1959 418 1986 haud
443 1958 554 1986 leviter
576 1957 771 1993 reprehendit
797 1957 829 1985 in
853 1956 950 1992 Epist.
977 1956 1046 1985 Lib.
1067 1957 1091 1985 1.
1125 1957 1221 1992 Epist.
1249 1965 1298 1988 η.

232 2016 286 2050 (3)
315 2012 409 2050 conf,
442 2015 607 2049 Planck,
647 2016 716 2043 loco
741 2014 859 2050 saepiu·
884 2013 995 2049 citato,
1030 2014 1084 2043 IV.
1115 2015 1151 2044 B.
1191 2016 1216 2045 1.
1236 2016 1299 2046 Aba

194 2080 261 2108 Ν·
284 2080 321 2108 ⁴9

1167 2332 1297 2375 PARS
