1483 2860
379 248 892 296 LITERARIA.
1120 272 1192 311 109

75 362 187 401 mus,
229 365 310 394 non
345 366 516 408 potest,
567 361 661 411 quin
709 363 789 412 eJus
827 364 1063 413 prudentiam
1099 366 1198 407 sum.

73 433 133 461 me
167 424 416 476 admiremur,
479 440 555 477 qua
601 431 648 469 ab
683 432 830 481 exiguis
862 434 980 474 initiis
1018 437 1195 485 pedeten-

70 489 138 531 tim
186 494 233 532 ad
274 506 439 545 magnam
480 500 690 548 potentiam
728 503 882 543 evadere
923 514 1082 546 conatus
1125 507 1190 547 sit.

69 558 221 600 Etenim
271 562 396 604 clasfis
452 567 569 618 magis
624 582 666 610 ac
721 575 840 623 magis
890 577 1036 618 viribus
1085 589 1192 621 aucta

5 667 7 670 Α
67 628 271 670 Albano
298 633 455 673 maxima
499 637 628 678 damna
664 641 792 683 intulit
834 653 947 695 atque
983 648 1192 689 Guliel-

68 703 142 735 mo
175 709 353 741 nummos
387 701 713 758 subministravit,
759 714 898 762 quibus
931 728 1074 758 novum
1109 719 1190 760 bel-

4 762 7 765 ’
62 766 141 806 lum
177 779 392 819 comparare
416 775 557 823 posset.
611 780 713 820 Cum
754 783 977 835 Albani,
1021 800 1099 837 quo
1132 798 1189 829 te-

65 835 250 876 nebantur
286 837 486 884 Hollandia
519 854 557 884 et
594 849 815 900 Zeelandia,
854 863 976 894 metus
1013 858 1185 905 quotidie

63 903 372 959 imminueretur,
412 913 538 953 odium
575 927 668 957 vero
709 922 825 971 magis
863 924 971 964 etiam
1015 926 1188 968 incende-

65 983 198 1025 retur,
248 988 445 1030 utramque
479 985 712 1034 provinciam
754 990 793 1029 in
832 992 912 1032 suas
956 1005 1084 1044 partes
1110 1007 1184 1037 tra-

60 1042 149 1083 here
197 1046 504 1093 Gulielmns
554 1058 793 1099 vehementer
831 1062 1013 1112 sperabat.
1066 1067 1182 1118 Quod

61 1113 129 1152 ubi
153 1114 294 1158 factum
321 1121 414 1161 esset
441 1124 556 1165 classe
589 1129 635 1167 ad
669 1141 771 1169 oram
806 1133 1023 1174 maritimam
1051 1139 1180 1186 appel·

57 1183 159 1234 lere,
186 1188 297 1228 urbes
324 1192 523 1233 maritimas
549 1207 890 1250 expugnare,cum
919 1217 1054 1255 magno
1076 1219 1181 1248 exer·

53 1252 133 1292 citu
169 1255 339 1306 Belgium
387 1261 560 1305 invadere
595 1266 747 1317 suisque
788 1270 1025 1325 succurrere,
1076 1279 1177 1327 apud

53 1325 217 1366 animum
255 1330 463 1372 constituit.

102 1396 245 1438 Interea
267 1427 281 1447 ,
309 1399 483 1442 suadente
519 1404 754 1450 Gulielm
776 1422 828 1461 o,
854 1413 1034 1456 Proceres
1069 1417 1176 1457 exsu-

52 1466 107 1504 les
140 1466 360 1517 Imperatori
386 1470 763 1520 Maximiliano
792 1483 953 1533 aliisque
989 1487 1175 1539 Principi-

52 1532 153 1585 buS,
185 1538 318 1586 quiin
353 1544 505 1584 comitia
540 1548 671 1596 Spirae
705 1552 839 1592 Mense
874 1557 972 1606 majo
1010 1569 1044 1600 a.
1072 1570 1170 1609 1570

47 1604 198 1655 habita,
249 1613 467 1661 congregati
505 1626 637 1667 erant,
691 1619 931 1671 scriptionem
969 1627 1172 1680 miserunt,

50 1685 125 1722 qua
170 1677 216 1716 de
255 1679 455 1722 Albani
505 1684 641 1737 injuria
690 1701 731 1729 ac
773 1693 1056 1745 privilegiorum
1103 1711 1170 1739 ne·

46 1746 171 1794 glectu
204 1746 442 1791 vehementer
477 1759 676 1805 conquesti
701 1759 787 1800 sunt
817 1763 1028 1814 horumque
1061 1769 1168 1809 Prin-

45 1816 172 1865 cipum
216 1819 396 1860 auxilium
446 1822 696 1874 implorarunt
721 1858 735 1879 ,
789 1840 833 1871 ut
877 1845 941 1873 eos
985 1847 1071 1874 cum
1111 1849 1168 1877 re-

47 1896 93 1935 ge
138 1890 438 1932 reconciliarent.
513 1895 686 1947 Verum,
736 1913 957 1951 quamquam
1010 1907 1165 1955 plurimi

45 1954 237 2007 Principes
282 1961 512 2013 Belgicarum
557 1969 808 2010 calamitatum
834 1985 1059 2025 magnopere
1096 1979 1165 2018 mi-

44 2024 258 2068 serebantur
279 2059 293 2080 ,
319 2033 500 2075 Proceres
537 2044 661 2078 tamen
702 2041 805 2081 Alb
825 2045 912 2083 ani
949 2047 1164 2095 praesertim

42 2097 276 2149 praestigiis,
314 2105 455 2144 nullam
493 2108 676 2150 malorum
715 2111 1010 2156 sublevationem
1035 2118 1164 2158 conse·

40 2166 120 2207 cuti
144 2167 228 2209 sunt
253 2171 337 2222 (1).
572 2184 579 2189 ’

1070 2260 1109 2299 G
1118 2271 1162 2299 u-

78 2313 133 2351 (ι)
151 2314 222 2345 vid.
245 2317 344 2355 Bor,
364 2319 424 2357 op.
447 2322 471 2352 1.
493 2321 561 2354 Lib.
579 2324 618 2356 V.
633 2326 692 2357 sol.
712 2333 768 2361 228
791 2330 859 2367 sqq.
877 2341 923 2355 -·
943 2333 1160 2372 Hooftmp.

1132 2394 1158 2422 1.
