1483 2860
292 252 361 283 rea
508 243 1188 293 COMMENTATIO

799 355 912 404 §.5.

324 487 532 536 Quamnam
563 487 711 528 tandem
738 490 861 537 subiit
904 491 1136 531 Hieras-chia
1150 519 1164 541 ‚
1200 493 1384 543 Gregorio

371 566 549 605 auctore,
576 561 892 599 commutationem
906 588 920 609 ‚
946 575 1013 610 eo,
1046 561 1145 613 quod
1172 562 1235 601 ille
1259 563 1332 602 cle·

421 639 506 665 rum
521 628 592 677 fibi
612 629 820 678 subjectum
842 630 1020 680 haberet,
1046 632 1142 670 hunc
1165 644 1284 670 emcn-

471 696 607 746 daret,
629 698 912 751 universamque
932 701 1132 751 Ecclesiam
1156 701 1236 741 des·

562 770 694 822 poticd
723 772 870 810 ratione
891 772 1136 822 gubernaret.

351 885 438 929 vim
477 884 721 924 investiturae
749 886 971 925 clericorum
1007 887 1055 926 ad
1096 887 1227 937 Papam
1260 888 1413 926 transla-

299 962 358 993 tae
399 954 602 1003 perspicere
627 956 704 1004 jam
739 955 871 1006 licuit;
899 957 972 996 hoc
1009 958 1106 996 enim
1139 960 1222 1008 jure
1254 958 1412 1007 impera·

299 1023 375 1060 tori
401 1023 548 1064 ademto
576 1025 701 1064 clerici
734 1025 855 1065 solum
889 1027 1025 1076 Papam
1051 1027 1089 1065 in
1113 1027 1330 1067 muneribus
1363 1025 1416 1066 sa-

299 1092 373 1131 cris
423 1093 666 1142 obtinendis,
715 1095 924 1136 deferendis
961 1109 1003 1136 ac
1047 1097 1224 1136 tollendis
1254 1097 1417 1146 spectare

299 1175 529 1214 coeperunt3
558 1166 651 1204 hanc
676 1165 808 1215 agendi
829 1168 1008 1206 rationem
1030 1166 1296 1217 comprobavit
1319 1166 1419 1205 Gre-

302 1235 457 1282 gorius,
479 1247 564 1274 cum
590 1237 830 1275 contenderet
854 1237 977 1276 omnia
989 1236 1245 1277 Ecclefiastica
1267 1244 1419 1274 munera

302 1303 422 1352 Papae
453 1314 691 1353 competere,
721 1306 863 1355 quippe
897 1307 963 1356 qui
996 1307 1243 1356 Episcopos,
1269 1305 1419 1346 univer-

300 1372 359 1412 sae
399 1373 584 1413 Ecclesiae
619 1375 855 1424 praefectos,
883 1377 997 1426 pallio
1035 1385 1182 1415 ornaret
1204 1376 1290 1426 (1).
1344 1375 1419 1414 Sed

303 1443 462 1482 arctiore
503 1444 656 1483 vinculo
692 1445 854 1494 dispersa
892 1435 1128 1486 Hi'erarchiae
1160 1446 1322 1485 membra
1346 1446 1421 1485 Ca-

305 1513 376 1562 piti
404 1521 508 1551 erant
538 1514 806 1563 devincienda3
845 1516 978 1563 singuli
1003 1517 1130 1557 clerici
1163 1528 1276 1555 unum
1291 1516 1422 1555 Ponti·

306 1583 413 1622 ficem
448 1584 658 1623 Romanum
693 1584 732 1622 in
771 1585 945 1624 omnibus
976 1585 1049 1624 suis
1073 1586 1181 1625 factis
1211 1586 1261 1625 ob
1288 1587 1423 1625 oculos

307 1652 462 1701 habere,
497 1653 591 1692 nulli
637 1665 728 1692 vero
768 1654 932 1702 patriae,
971 1654 1132 1703 prinpri
1168 1665 1231 1694 aut
1275 1655 1327 1694 rei
1356 1655 1426 1693 do·

306 1723 478 1764 mesticae
503 1723 641 1763 addicti
671 1724 749 1763 esse
783 1723 968 1764 debebant
992 1725 1080 1775 (ε).
1115 1725 1204 1776 Quo
1231 1734 1273 1764 ut
1294 1736 1426 1774 perve-

1370 1804 1432 1832 m-

307 1881 356 1904 tur
379 1875 502 1904 omnino
520 1884 595 1911 quae
613 1878 649 1905 de
665 1877 722 1905 hac
739 1879 880 1905 novitate
900 1876 987 1905 nimis
1013 1877 1178 1912 prudenter
1204 1876 1282 1905 dixit
1314 1876 1425 1913 sige-

306 1931 453 1962 bertus
477 1934 700 1968 Geminae„
720 1934 756 1961 ad
775 1941 823 1962 an.
853 1937 939 1963 1088.

346 1990 398 2028 (1)
421 1993 500 2020 Haec
522 1991 710 2019 consuetudo
733 1998 795 2018 non
816 1998 832 2018 a
857 1989 1066 2027 Gregorio
1088 1990 1164 2025 vn,
1186 1989 1269 2025 quod
1284 1989 1424 2019 nonnulli

310 2048 471 2082 dixerunt,
491 2048 544 2076 scd
566 2055 582 2076 a
616 2046 820 2081 Gregorio
846 2054 972 2081 magno,
1002 2054 1078 2074 anno
1103 2052 1179 2082 590,
1199 2045 1322 2074 induem
1346 2045 1418 2079 fuitz

310 2104 458 2140 deinceps
482 2111 557 2132 vero
584 2104 659 2132 hanc
687 2103 840 2131 lubentius
871 2111 910 2131 ex
935 2102 1093 2132 Isidori
1117 2102 1425 2132 Pseudo-decretali·
1468 2128 1470 2131 ,

311 2161 366 2190 bus
400 2160 589 2196 repetierunt
621 2161 730 2195 Papae.
775 2159 868 2189 Conf.
897 2159 967 2189 Gic
980 2161 1111 2195 scier,
1140 2160 1164 2188 1.
1194 2167 1222 2188 c.
1252 2166 1319 2196 pag.
1346 2168 1417 2195 201.

312 2225 384 2247 nora
399 2218 464 2254 (b).

351 2275 407 2311 (α)
427 2274 521 2309 Confi.
543 2275 570 2303 V
585 2273 727 2309 iners,
748 2274 839 2310 Essa?
852 2274 909 2309 sur
934 2274 1106 2310 linflunce
1127 2281 1285 2311 mamas.
1303 2281 1423 2312 unm

312 2331 511 2368 spinter,
531 2333 552 2363 Ι.
570 2340 599 2362 c.
619 2340 686 2369 pag.
713 2340 778 2369 ¹93·
