1483 2860
353 279 1006 324 21,1’1512R1’11R1‘A,xv
1143 289 1234 333 159:

130 391 180 430 R
195 402 251 439 eq
266 402 288 428 n
303 391 519 431 esenius
543 390 680 428 bellum
708 399 809 432 tanta
834 391 871 430 vi
898 399 934 429 et
958 389 1124 432 efficacia.
1154 376 1218 440 ge-

91 461 197 500 rebat
223 470 406 510 tantoque
440 460 584 509 impetu
616 460 783 508 undiqjue
823 461 864 499 in
903 460 1238 501 Gulie1,.mum·

92 530 283 578 irruebat,
312 539 513 579 quantum
555 530 868 571 Gulielmus
905 530 1067 581 perferre
1110 531 1238 581 posse*

93 601 160 643 vix
199 601 410 642 videbatur..
477 599 552 640 Hic
580 600 698 650 igitur
724 601 886 641 Ordines
920 600 1239 641 Roterodamum

91 671 350 720 convocavit,
399 683 542 720 eosque
566 707 570 710 ,
590 672 768 721 rogavit,
811 673 986 719 quidnam
1037 671 1239 721 praestare:-

94 742 363 790 existimarent,
401 751 525 781 utrum
561 754 687 791 pacem
723 742 924 792 implorare
945 751 984 781 et
1018 753 1237 792 cumtrege'

92 811 132 850 in
167 812 318 861 gratiam
364 812 509 860 redire,
548 823 596 852 an
635 813 766 860 utique
811 813 858 851 ab
899 825 943 851 eo
980 813 1186 852 desciscere
1202 842 1217 861 ,

93 890 300 920 extraneam
338 883 544 930 potentiam
570 882 744 921 invocare
777 882 887 931 eique
923 882 958 921 se
987 881 1218 922 submittere.

96 951 208 989 Varia
245 952 290 990 de
320 952 388 989 hac
423 952 570 990 materia
595 980 608 1000 ,
648 952 772 1002 magni
803 952 886 991 sane
910 953 1115 1002 momenti,
1141 962 1222 993 acta

97 1019 182 1059 sunt
202 1030 315 1070 atque
339 1034 398 1060 res
427 1033 504 1060 non
530 1021 649 1061 statim
674 1024 719 1061 ad
741 1022 849 1060 finem
875 1022 1055 1072 perducta
1076 1031 1183 1079 est.

149 1076 422 1141 Pauuopo‘st,
445 1092 613 1141 periculo
642 1093 758 1141 magis
785 1093 979 1142 magisque
1003 1086 1237 1151 crescente,-

98 1161 259 1216 Ordines
281 1161 414 1200 iterum
435 1171 693 1201 convenerunt
718 1172 831 1211 atque
855 1173 1007 1201 auctore
1027 1160 1238 1217 Gulieh‘

98 1233 172 1269 m'o
194 1231 463 1280 decreverunt,
490 1245 576 1271 cum
593 1233 631 1270 in
663 1233 751 1272 alias
767 1232 938 1272 civitates
955 1262 969 1280 ,
986 1241 1067 1271 tum
1091 1216 1131 1270 in
1143 1232 1234 1285 An'ss

97 1301 207 1351 gliam
223 1330 237 1350 ,
264 1302 392 1340 auxilii
418 1302 569 1354 petendi
595 1303 728 1349 causa,
755 1305 899 1349 legatos
931 1301 1094 1343 mittere.
1139 1289 1232 1340 'Ve-'

99 1383 211 1419 rum,
250 1370 313 1410 etfi
345 1371 681 1410 Elisabethae
719 1359 1150 1422 summumHollandia'e
1190 1378 1228 1408 et

101 1441 319 1479 Zeelandiae
369 1441 565 1491 imperium
606 1442 849 1489 obtulerunt,
903 1441 1031 1489 regina
1073 1427 1235 1489 tamen,

99 1510 238 1549 bellum
271 1510 521 1558 Hispanicum
567 1521 603 1550 et
640 1511 785 1551 Galliae
817 1511 994 1550 invidiam
1025 1499 1227 1560 metuens,

101 1579 297 1630 Belgarum
329 1579 516 1619 defideriis
545 1581 802 1630 obtemperare
828 1592 906 1619 non
926 1581 1010 1620 ausa
1033 1590 1094 1620 est
1115 1582 1199 1639 (ι).
1232 1624 1235 1627 ,

153 1652 281 1702 Quum
306 1663 428 1702 neque
463 1662 675 1692 extraneum
703 1652 882 1692 auxilium
910 1652 1130 1701 impetrare,
1161 1664 1231 1705 neg

100 1723 306 1771 quemetiam
334 1723 503 1761 hostium
527 1723 688 1772 impetus
715 1723 878 1772 amplius
901 1708 1227 1772 cohibereposset

100 1792 413 1841 Gulielmus,
441 1794 588 1832 tandem
616 1793 718 1832 omni
741 1793 803 1843 spe
831 1778 992 1841 excidit,
1020 1790 1133 1842 atque
1165 1792 1228 1837 de-

100 1854 242 1920 sperata
269 1863 487 1913 republica,
515 1864 709 1913 Belgarum
733 1860 869 1911 bona,
896 1875 1033 1902 uxores
1070 1872 1106 1902 et
1132 1862 1230 1902 Iibe-

103 1936 167 1972 r'os
199 1933 237 1972 in
264 1945 378 1973 naves
406 1934 586 1984 inponere
602 1963 615 1982 ,
652 1934 806 1982 patriam
829 1933 1040 1982 relinquere
1065 1934 1229 1983 peregri-

101 2015 244 2053 nasque
267 2006 437 2054 regiones
461 2015 586 2055 petere
605 2005 808 2054 aliquando
832 2004 958 2043 animo
973 2003 1128 2053 agitavit
1140 2003 1226 2053 (2).

1151 2075 1232 2113 Ve⁴

140 2149 195 2186 (1)
216 2149 285 2179 Vid.
307 2151 329 2178 Β
345 2157 403 2185 ¹01¹,
423 2151 485 2186 Op.
512 2150 579 2179 Lib.
600 2152 684 2181 vm.
707 2152 763 2181 fol.
789 2158 858 2188 132.
882 2166 926 2175 ἡ
948 2152 1098 2187 Hoost,
1122 2152 1183 2187 Op.
1205 2152 1229 2181 1.

102 2212 170 2240 pag.
193 2214 263 2244 4⁴4·
285 2221 323 2230 —
347 2207 448 2237 Leven
469 2215 530 2238 cet.
559 2208 604 2238 11.
630 2217 700 2246 pag.
720 2218 789 2247 ⁵9¹·
810 2225 856 2235 -—
879 2211 984 2245 wag.
1016 2211 1075 2245 Op.
1103 2209 1127 2238 1.
1159 2208 1228 2237 vn.

101 2270 165 2297 pag.
196 2266 243 2292 81.
1227 2262 1231 2277 ²

116 2319 197 2356 ·(2)
218 2318 291 2349 Via.
324 2321 469 2358 Hooft,
505 2323 565 2359 Op.
595 2325 617 2354 1.
643 2332 713 2360 pag.
740 2333 818 2361 432.
860 2325 908 2346 ·-'
946 2324 1048 2354 Lmen
1082 2330 1144 2353 eet.
1182 2322 1226 2352 11·

104 2384 171 2412 pag.
201 2380 269 2407 608.
299 2391 341 2405 ·-
361 2379 464 2414 Wag.
486 2380 548 2416 Op.
571 2381 690 2418 nvn.
715 2389 784 2417 pag.
807 2383 856 2412 88.
880 2381 923 2415 sq.
1226 2381 1228 2384 '
