1560 2860
479 246 866 293 ORATIO.
1164 246 1218 291 15

119 389 171 433 de
194 387 319 432 rebus
334 386 495 432 Divinis
519 386 682 446 priores
707 385 964 438 docuerant,
1004 386 1107 430 haec
1135 400 1222 439 non

114 479 213 510 raro
243 463 498 524 posteriores
525 466 787 507 invertendo
813 461 963 506 imitati
988 469 1098 507 sunt.
1158 462 1225 508 Ita

119 540 439 594 Eleaticos,
488 539 542 584 de
579 539 725 583 mundi
755 539 916 597 origine
943 539 1226 598 philosopha-

116 625 209 672 tos,
239 633 333 662 eum
361 609 406 660 in
434 616 606 660 modum
646 616 775 661 secuti
812 624 909 660 sunt
941 616 1228 671 Atomisti÷

111 694 189 753 μὶ,
219 701 265 738 ut
291 693 441 738 horum
473 693 731 747 doctrinam,
763 693 879 750 quod
907 693 962 736 ad
989 693 1103 737 illum
1129 693 1228 751 qui-

116 771 212 816 dem
231 771 369 817 locum
391 770 565 825 attinet,
589 784 676 815 non
697 769 833 813 minus
854 784 949 815 vere
970 785 1096 826 quam
1120 784 1229 814 con-

116 846 219 901 eise,
249 849 558 890 Eleatismum
575 863 832 891 conversum
859 860 1102 906 nuncupare
1122 861 1233 906 pos-

116 922 188 968 sis.
234 947 280 958 ·-
321 924 411 967 Nec
439 923 627 967 dissimili
662 923 847 978 ratione,
878 924 1094 983 superiore
1130 939 1230 970 sae-

119 999 238 1052 culo,
271 999 637 1057 Berkelejus,
668 1000 976 1059 Philosophus,
1007 1016 1131 1058 quem
1145 1016 1231 1060 κιο-ι

117 1074 257 1127 vistis,
286 1075 468 1132 Anglus,
503 1082 704 1131 quantum
743 1077 791 1120 ea
836 1084 969 1121 aetate
1012 1078 1228 1137 plerique,

119 1150 320 1196 Lockii
354 1151 644 1196 auctoritatem
676 1153 882 1206 colentes,
923 1168 1118 1198 sensuum
1153 1169 1231 1211 ex->

121 1234 338 1272 ternorum
378 1227 475 1272 visis
510 1228 780 1282 tribuebant,
811 1237 971 1273 tantum
1006 1230 1097 1288 ipse
1127 1230 1234 1275 ideis

122 1304 307 1349 dandum
333 1304 505 1351 censuit.
521 1305 624 1366 (11)
641 1333 694 1343 -—
712 1305 798 1351 Sed
838 1306 916 1350 alia
940 1306 1042 1350 mihi
1069 1321 1118 1351 ex
1142 1306 1232 1351 aliis

121 1381 327 1439 ejusmodi
367 1385 674 1427 inversionum
724 1384 913 1442 exempla
965 1390 1228 1428 succurrunt.

118 1458 185 1503 De
211 1459 364 1517 quibus
395 1467 631 1519 temperare
658 1459 762 1504 mihi
789 1475 875 1504 non
904 1475 1098 1519 possum,
1131 1458 1233 1516 quin

118 1534 225 1580 haec
252 1536 371 1580 etiam
401 1537 592 1583 excitem.
654 1537 751 1595 Quo
776 1545 969 1597 tempore
994 1537 1234 1584 Wolfia-

118 1612 193 1666 ni,
237 1613 579 1672 approbantibus
613 1614 855 1671 aequalibus
893 1622 1016 1672 atque
1051 1614 1233 1673 applau-

120 1689 314 1734 dentibus
332 1722 346 1744 ‚
375 1690 682 1736 mathematicas
704 1691 789 1735 fere
820 1690 1136 1735 demonstrandi
1157 1705 1236 1734 ra-

118 1766 234 1812 tione
270 1767 360 1822 usi,
405 1767 664 1827 Theologiae
691 1767 901 1812 Naturalis
934 1766 1110 1812 decretis
1149 1766 1234 1811 ob-

122 1844 319 1902 jectivam
371 1845 584 1891 vindicare
639 1845 903 1890 conabantur
950 1843 1197 1890 evidentiam
1218 1860 1232 1900 3

124 1924 199 1965 en!
245 1937 422 1981 magnus
473 1923 541 1968 ille
603 1922 757 1967 exstitit
807 1922 971 1966 Doctor
1021 1921 1236 1980 Regio-

42 2040 49 2048 ,
123 2013 166 2042 m
183 2013 210 2043 o
224 2013 252 2042 n
264 2007 282 2043 t
297 2015 321 2043 a
336 2014 363 2043 n
378 2016 404 2044 u
419 2016 439 2044 s
453 2033 467 2055 ,
507 2000 577 2058 qui
593 2032 605 2054 ‚
647 1998 926 2059 Dogmatismi
964 1997 1069 2042 illius
1097 1997 1233 2042 auda·-

130 2074 238 2118 ciam
286 2076 548 2136 indignatus,
601 2077 659 2121 ita
711 2092 804 2122 eum
858 2076 1088 2121 convellere
1146 2087 1233 2118 non

132 2149 356 2207 dubitavit,
399 2162 445 2198 ut
468 2155 513 2198 in
536 2154 611 2208 iis,
655 2170 759 2212 quas
789 2154 874 2198 dixi
898 2153 1047 2206 rebus,
1083 2153 1234 2206 objec-

127 2228 246 2271 tivae
303 2230 486 2276 veritatis
538 2231 884 2276 demonstrationi
936 2231 1235 2287 subjectivam

126 2301 250 2355 fidem
285 2306 534 2354 substituere
564 2310 741 2369 juberet.
814 2310 971 2357 Verum
1009 2309 1094 2355 hoc
1140 2307 1238 2365 qui-

1139 2383 1235 2430 dem
