1483 2860
214 151 326 208 σο,
464 143 1123 192 COMMENTAT‘I'O

212 260 414 300 dinatarum
430 260 596 302 disfitum
609 260 684 300 esse
699 268 842 311 potest,
853 261 903 300 ita
918 261 1024 301 etiam
1035 264 1326 304 contactus'dua-

207 340 289 368 rum
305 340 500 369 curvarum
515 330 629 380 magis
645 331 835 380 magisque
849 331 1034 371 discedere
1048 341 1176 384 potest
1187 322 1233 372 ab
1249 324 1327 373 ori-

206 397 294 447 gine
312 397 607 439 coordinatarum
621 426 636 447 ‚
662 407 705 436 ut
733 409 810 438 una
835 411 946 441 curva
961 400 1010 440 sit
1032 402 1259 453 asymptotus
1270 406 1324 445 al-

206 466 322 507 terius
343 466 618 507 consideranda.
646 467 804 518 Quando
831 464 872 508 in
893 473 1110 521 aequatione
1125 455 1319 525 y=f<2c)

204 580 338 609 curvae
354 569 566 620 propositae
580 582 649 620 pro
670 583 698 610 x
713 571 943 613 substituitur
981 555 999 601 Ξ
1057 583 1135 616 turn
1167 575 1239 616 sese
1259 574 1319 616 of-

973 605 998 642 ᾗ
1015 604 1028 623 ,

201 669 274 709 fert
301 670 465 710 ordinata
484 685 510 722 gy
534 670 599 710 sub
624 672 734 712 hacce
758 673 877 714 forma

199 753 364 815 ,Ah-‘³‘
389 781 432 818 -ι-
452 775 510 813 Bb
530 753 1156 821 -λ-μ-ι-εκι-λ-μ“”
1181 783 1225 821 -ι-
1245 788 1320 819 etc.

200 859 254 909 Sil
287 857 438 913 alterius
481 868 614 896 curvae
648 861 819 906 aequatio
858 858 904 897 sit
938 861 978 909 [γ’
988 862 1068 906 :f
1083 861 1165 911 (x‘)
1180 888 1194 909 ,
1231 859 1318 901 fun·

201 960 362 1008 tioque,
398 939 512 1030 {pro
524 960 563 1000 π’
586 956 808 1014 substituto,
822 960 860 999 in
883 961 1008 1003 seriem
1042 963 1221 1012 explicata
1238 963 1316 1012 pri-

196 1092 281 1122 mos
310 1078 488 1120 terminos
525 1078 697 1128 aequales
717 1070 845 1126 primis
869 1079 1032 1118 terminis
1056 1059 1317 1144 ipfiust')

958 1146 963 1163 Ι

194 1181 328 1221 habeat
344 1209 358 1229 ,
384 1188 513 1230 patet,
549 1179 671 1218 eadem
692 1178 833 1217 ratione
848 1208 862 1227 ‚
888 1192 961 1229 qua
996 1180 1034 1219 in
1066 1179 1185 1218 Prima
1208 1184 1312 1225 parte

193 1253 240 1291 de
265 1249 410 1290 theoria
438 1251 475 1298 §-
507 1260 623 1296 1-4,
653 1249 894 1296 quantitatem
921 1251 945 1286 h
971 1257 1043 1286 tam
1069 1258 1218 1297 parvam
1254 1244 1313 1283 su·

193 1320 246 1359 mi
280 1319 414 1367 posse,
465 1325 509 1357 ut
540 1317 646 1354 tertia
685 1328 799 1354 curva
834 1318 916 1355 data
948 1329 1015 1366 per
1051 1316 1309 1364 aequationem

186 1390 324 1442 3¹⁰:sp
350 1387 473 1437 (ψ),
507 1385 536 1423 fi
571 1385 715 1424 functio
743 1387 874 1425 haecce
895 1395 984 1436 post
1008 1384 1306 1424 substitutionem

193 1490 309 1543 ipsius
338 1469 363 1555 Ξ
387 1497 456 1537 pro
480 1486 532 1523 x“
548 1513 561 1534 ‚
588 1484 767 1534 explicata
789 1485 826 1523 in
843 1484 969 1524 seriem
1003 1496 1080 1524 nou
1115 1483 1303 1533 aequalem

189 1601 386 1635 numerum
408 1588 649 1628 terminorum
680 1569 982 1626 convenientium
1011 1582 1171 1633 habeat,
1208 1584 1306 1625 inter

189 1665 300 1704 hasce
325 1671 456 1700 curvas
485 1668 563 1697 non
594 1656 750 1695 transire
780 1656 923 1706 posfit‚
960 1657 999 1696 in
1036 1655 1187 1707 punctis
1208 1653 1304 1693 scili-

187 1776 249 1808 cet
282 1777 376 1816 quae
400 1760 578 1803 abscissae
597 1739 714 1825 20:53
738 1758 988 1807 omnibusque
1015 1756 1186 1797 abscissls
1217 1756 1302 1796 infi-

188 1869 267 1909 nite
304 1867 445 1916 magnis
495 1865 751 1915 respondent:
789 1873 870 1904 nam
904 1860 1050 1900 fimuIac
1096 1858 1263 1897 conditio
1280 1886 1295 1907 ,

188 1949 284 1988 quae
311 1936 463 1984 impedit
479 1963 494 1982 ,
529 1945 605 1981 quo
631 1933 756 1971 minus
790 1933 920 1969 haecce
946 1941 1060 1968 curva
1082 1929 1178 1967 inter
1203 1929 1294 1967 duas

185 2009 315 2047 alteras
337 2012 496 2044 transeat
511 2004 725 2051 ,obtinetur
749 2012 818 2053 pro
841 2010 943 2038 certo
963 2000 1087 2037 valore
1109 1997 1222 2046 ipsius
1242 1997 1294 2046 h,

186 2090 226 2117 ea
240 2076 314 2115 fine
327 2075 443 2114 dubio
480 2073 708 2112 obtinebitur
731 2082 802 2120 pro
821 2069 996 2108 omnibus
1016 2067 1130 2120 ipsius
1151 2067 1176 2106 h
1189 2067 1292 2106 valo·

183 2146 308 2191 ribus,
341 2142 509 2192 quisunt
534 2142 598 2179 illo
624 2140 799 2179 minores.

235 2215 333 2255 Hinc
365 2211 658 2255 concludendum
685 2218 777 2258 est,-
806 2218 985 2254 curvam,
1020 2206 1128 2256 cujus
1153 2215 1289 2256 aequa„

1229 2279 1284 2311 tio
