1483 2860
209 219 255 254 28
442 214 1104 257 COMMENTATIO

206 332 263 362 ter
298 324 470 364 Asturias
485 352 500 374 ,
548 324 744 374 utriusque
790 323 992 372 Castiliae,
1031 324 1197 372 Leonis,
1234 323 1312 364 Na-

207 404 331 434 varrae
362 404 399 434 et
430 394 499 434 alia
524 405 634 444 regna
648 422 662 443 ,
696 395 748 445 de
779 395 915 444 quibus
938 403 1069 444 postea
1120 394 1312 445 disputan-

210 464 314 505 dum.

701 631 737 678 S.
789 641 829 676 4.

543 779 701 831 Europa
738 778 982 820 Germanica.

255 933 392 982 Inflgni
424 934 492 972 hac
521 933 698 981 Europae
727 940 831 981 parte
868 942 947 972 non
982 939 1127 971 tantum
1162 933 1319 973 Germa-

204 1003 329 1052 niam,
379 1003 530 1052 proprie
567 1002 615 1041 fic
648 1002 780 1041 dictam
798 1025 812 1045 ,
848 1003 1223 1052 comprehendimus,
1257 1002 1320 1042 sed

204 1073 376 1123 regiones
426 1071 565 1120 etiam,
603 1083 698 1121 quae
736 1071 903 1111 universe
931 1080 1037 1111 trans
1073 1073 1248 1112 Rhenum
1284 1081 1322 1112 et

205 1142 420 1182 Danubium
445 1142 492 1180 ad
513 1153 612 1180 mare
635 1141 818 1180 Balticum
847 1154 966 1190 usque
993 1143 1079 1182 fitae
1102 1142 1201 1182 sunt.
1244 1142 1318 1182 His

204 1212 299 1251 varii
329 1212 516 1262 principes
546 1211 668 1250 titulis
704 1211 857 1251 diversis
889 1221 1102 1265 praeerant,
1158 1223 1319 1261 quorum

204 1281 431 1330 singulorum
469 1281 543 1319 fata
570 1280 756 1319 recensere
780 1282 935 1329 longum
958 1291 1029 1320 est.
1057 1282 1118 1320 Ne
1145 1282 1260 1330 igitur
1282 1280 1321 1319 in

206 1351 267 1389 his
289 1337 430 1388 diutius
449 1377 462 1397 ,
476 1361 584 1397 quam
599 1361 665 1398 par
679 1359 736 1389 est
749 1379 763 1397 ,
784 1351 995 1389 haereamus
1011 1379 1026 1399 ,
1051 1350 1201 1399 Imperii
1225 1350 1324 1390 Ger-

205 1420 365 1468 manici,
403 1419 466 1458 cui
502 1430 632 1457 omnes
667 1419 708 1458 hi
743 1419 931 1468 principes
965 1420 1080 1468 magis
1115 1420 1317 1468 minusve,

205 1490 330 1530 medio
363 1488 505 1528 saaculo
532 1489 614 1536 XI,
639 1488 798 1538 subJ'ecti
823 1497 952 1535 erant,
979 1489 1228 1528 conditionem
1253 1500 1321 1527 co-

204 1559 378 1610 piofius,
438 1558 595 1598 maxime
634 1558 742 1607 quod
792 1559 839 1598 ad
877 1558 1118 1598 hierarchiam
1155 1558 1324 1607 adtinet,

213 1641 458 1680 exponemus,
910 1623 913 1625 ’

253 1701 349 1739 Otto
372 1709 525 1748 magnus
542 1729 557 1749 ‚
582 1698 788 1746 Imperator
814 1697 935 1746 (962)
962 1709 984 1735 a
1010 1698 1132 1745 Papa,
1153 1697 1325 1747 Johanne

204 1771 303 1818 XII,
329 1777 555 1815 coronatus,
583 1768 647 1806 tali
665 1767 777 1805 titulo
803 1767 958 1817 dignum
983 1776 1069 1818 erga
1087 1766 1324 1806 hierarchiam

203 1839 277 1879 sese
309 1838 440 1887 gesfit3
464 1838 674 1886 Johannem
689 1837 826 1885 genim,
854 1837 1078 1875 horrendum
1103 1836 1208 1876 illum
1226 1848 1325 1886 pon·

205 1908 374 1956 tificem,
412 1920 433 1946 e
464 1907 547 1945 sede
575 1906 698 1955 papali
727 1907 850 1955 (964)
885 1906 992 1957 ejecit
1013 1933 1027 1953 ,
1053 1917 1094 1944 ac
1127 1907 1214 1945 loco
1241 1907 1322 1956 ejus

203 1977 373 2018 Leonem
407 1976 516 2015 VIII.
556 1975 750 2014 constituit
785 1975 871 2025 (1).
935 1975 1079 2013 Mirum
1110 1974 1194 2013 sane
1221 1975 1320 2014 acci-

205 2047 263 2088 dit
284 2047 527 2096 Imperatores
557 2043 802 2084 Germanicos
818 2071 832 2092 ,
859 2046 962 2084 tanta
988 2044 1207 2084 auctoritate
1226 2055 1318 2094 gau·

1237 2114 1325 2154 den-

228 2234 305 2272 (s)
333 2232 425 2265 Conf.
457 2233 622 2269 Planck,
642 2233 694 2263 111.
718 2233 818 2269 Bana,
840 2241 908 2270 pag.
930 2235 997 2264 262.
