1524 2850
348 262 884 317 ORATIO..
1118 265 1182 316 39

58 407 330 460 conceditur,
387 406 498 450 foret
537 405 698 464 religio,
780 405 938 451 Muttos
976 404 1063 464 jam
1099 420 1183 450 an-

55 498 134 528 nos
163 491 254 544 tuo
272 483 389 528 licuit
427 497 598 534 amore,
631 481 936 537 familiaritate,
965 482 1181 537 consiliis,

53 553 316 605 institutione
354 559 458 613 frui,
488 566 534 604 ut
570 558 616 602 id
653 574 782 603 unum
822 567 993 619 optem,
1023 567 1071 604 ut
1107 560 1182 605 diu

55 637 257 697 deinceps
296 636 401 681 mihi
440 636 564 680 liceat
605 636 782 680 eandem
809 636 990 696 experiri
1022 637 1183 682 carita-

53 722 138 759 tem
160 714 544 768 ethenivolentiam
570 728 669 772 erga
695 729 762 758 me
790 721 919 759 tuam.
962 714 1036 759 Me
1063 728 1181 759 sem-

54 806 134 851 per
168 799 334 851 gratum
364 798 404 836 et
434 791 551 850 pium
590 805 793 849 agnosces
831 790 974 837 filium.
1035 790 1105 836 Sis
1140 799 1182 837 et

54 867 147 928 ipse
195 869 334 913 salvus
372 875 412 912 et
452 867 614 927 optima
667 882 763 912 cum
815 868 900 913 tuis
950 869 1184 929 experiaris

56 939 221 989 Summi
257 945 339 989 Dei
372 944 590 991 beneficia.

65 1041 68 1045 ¹
114 1021 248 1066 Vobis
271 1021 453 1066 arctiore
481 1022 605 1066 etiam
626 1037 736 1066 nexu
762 1023 960 1083 conjungi
983 1039 1053 1071 me
1080 1040 1184 1071 sen-

55 1089 117 1142 tio
126 1131 138 1152 ,
187 1097 418 1142 Clarissimi
444 1098 759 1157 disciplinarum
786 1100 1183 1147 Mathematicarum

58 1183 100 1220 et
140 1175 417 1235 Physicarum
458 1175 728 1220 Professores
745 1207 757 1230 ,
804 1192 985 1233 quorum
1028 1178 1183 1224 ordini

6 1266 8 1268 ’
55 1252 319 1312 adscriptum
359 1267 429 1296 me
468 1251 605 1296 video,
677 1252 729 1296 Id
768 1268 874 1312 prae
913 1254 1088 1299 caeteris
1136 1256 1183 1303 in

55 1329 164 1374 votis
207 1336 296 1382 est,
347 1336 394 1373 ut
431 1343 507 1374 vos
545 1341 718 1383 omnes,
780 1330 853 1387 qui
886 1338 975 1375 tam
1016 1333 1184 1391 egregie

56 1405 109 1449 de
145 1406 284 1465 patria
323 1413 364 1450 et
402 1406 469 1450 his
512 1406 746 1466 disciplinis
788 1407 1024 1464 meruistis,
1077 1409 1183 1455 mihi

54 1481 166 1526 viam
202 1491 439 1527 monstrare
468 1483 603 1528 velitis
617 1498 633 1538 ,’
662 1500 790 1542 quam
832 1501 1013 1544 sequens
1055 1495 1182 1547 aptus

55 1558 154 1602 fiam
199 1559 253 1602 ad
292 1559 383 1604 illas
423 1560 668 1620 disciplinas
710 1569 752 1607 et
791 1563 870 1608 rite
911 1566 1184 1621 tractandas,

58 1644 99 1681 et
132 1635 177 1680 in
213 1651 436 1681 commune
463 1637 628 1697 patriae
664 1646 705 1682 et
737 1639 889 1684 civium
919 1643 1183 1687 emolumen-

55 1717 145 1757 tum
193 1713 470 1758 adhibendas.
561 1715 690 1774 Quod
728 1723 770 1761 et
809 1715 888 1762 tibi
930 1721 1183 1779 praesertim

57 1790 214 1835 dictum
255 1791 377 1836 velim
421 1791 484 1837 Cl.
529 1792 673 1837 Moll
715 1794 788 1851 qui
826 1810 960 1854 puero
985 1797 1070 1855 jam
1097 1797 1183 1842 mi-

57 1866 102 1912 hi
132 1861 363 1927 *singularis
402 1875 499 1913 tuae
532 1869 804 1915 institutionis
847 1888 968 1916 usum
1000 1888 1180 1919 conces-

19 1944 174 2011 υεἱεῐί,
234 1945 308 2002 qui
346 1960 425 2005 per
469 1946 681 2006 integrum
732 1949 968 1994 studiorum
1025 1952 1180 1996 decur—

58 2031 150 2067 sum
195 2023 470 2069 amicissimus
507 2025 612 2069 mihi
650 2026 734 2071 dux
761 2027 887 2072 fuisti.
963 2027 1069 2073 Cum
1092 2030 1180 2088 jam

58 2099 329 2146 mechanicae
348 2101 595 2161 disciplinae
607 2135 620 2157 ,
637 2103 799 2149 artibus
824 2104 1059 2161 adhibitae,
1075 2122 1182 2166 par-

59 2182 124 2219 tes
153 2176 230 2220 tibi
267 2177 352 2222 sint
390 2179 597 2235 traditae,
626 2187 673 2225 tu
707 2197 775 2226 me
814 2182 969 2228 doceas
995 2200 1179 2243 quomo-

60 2250 120 2297 do
152 2251 247 2304 illae
285 2265 382 2303 sunt
427 2261 674 2308 tractandae
718 2262 968 2325 disciplinae
1011 2262 1075 2312 ut'
1106 2265 1180 2310 fini

57 2345 78 2352 ”
1082 2355 1179 2387 res-
