1483 2860
260 217 319 275 76¹
490 216 1148 257 COMMENTATIO

259 324 506 373 praeparasset
540 325 681 372 [ibique
724 325 907 374 intrepide
940 325 1126 365 efficienda
1159 324 1368 373 sumsisset,

260 393 404 434 summo
443 393 732 443 persequebatur
760 394 880 433 studio
907 396 1005 444 (1),
1043 394 1224 444 propofiti
1261 405 1372 433 tenax

261 466 374 502 nullis
403 464 649 502 cohibebatur
688 464 964 503 difficultatibus
984 492 995 511 ‚
1023 473 1058 502 et
1087 463 1155 503 fibi
1179 475 1267 511 res,
1294 472 1378 502 non⁴

258 533 295 572 se
330 535 441 572 rebus
478 533 683 583 subjectum
719 533 868 572 videbat
900 536 984 583 (2).
1039 534 1108 573 Vir
1139 533 1375 572 acutissimus

258 603 457 652 prudentia
486 603 724 652 pervicaciam
759 603 1015 642 moderabatur
1036 605 1146 652 (3),
1181 613 1249 640 nec
1279 601 1376 640 diffi-

257 675 407 720 culter,
444 673 469 712 fi
500 685 596 722 opus
638 674 758 722 esset,
797 675 948 712 intimos
981 673 1092 712 animi
1127 683 1250 712 motus
1273 683 1376 711 com-

256 743 454 791 primebat.
507 745 789 792 Nonnunquam
828 744 935 782 etiam
975 756 1014 782 ea
1049 742 1234 790 faciebat,
1277 753 1372 791 quae

256 813 378 862 primo
414 813 552 852 obtutu
591 825 611 851 a
642 812 754 862 scopo
773 841 786 860 ,
817 825 893 860 quo
918 813 1090 851 tendebat
1114 813 1279 851 aberrare
1317 811 1375 850 vi-

258 882 455 929 derentur,
490 881 551 919 sed
575 883 696 925 eadem
728 891 862 924 eventu
885 880 1071 920 vaferrimi
1115 881 1184 920 viri
1209 881 1372 921 consiliis

257 951 426 999 apprime
457 951 665 988 conducere
691 950 941 999 monstrabat3
971 950 1020 989 fic
1059 963 1093 989 e.
1119 963 1158 1001 g.
1184 963 1268 989 cum
1302 951 1371 1000 ipsi

256 1021 381 1058 honos
420 1031 559 1058 novum
592 1021 723 1067 Papam
758 1020 916 1068 eligendi
937 1020 1166 1070 deferretur,
1194 1022 1285 1060 tales
1310 1022 1373 1061 de·

257 1090 415 1140 fignavit
443 1091 533 1138 qui,
575 1091 710 1129 etiamsi
748 1102 824 1129 non
848 1092 1022 1131 omnibus
1057 1093 1178 1142 grati,
1210 1093 1285 1132 suis
1318 1102 1376 1133 ta-

256 1172 343 1199 men
376 1161 581 1199 commodis
616 1161 847 1204 inservirent.'
902 1163 1025 1212 Cujus
1059 1163 1110 1200 rei
1139 1164 1372 1202 luculentum

255 1230 435 1268 habemus
471 1231 733 1268 documentum
769 1232 808 1269 in
853 1232 1017 1270 Victoris
1070 1233 1369 1282 1[.Ae1ectione;

254 1300 474 1348 peregrinus
508 1301 603 1348 Papa
640 1301 819 1338 Romanis
866 1302 989 1339 minus
1036 1312 1211 1350 acceptus
1257 1312 1334 1341 erat
1356 1327 1378 1351 ‚-

256 1370 318 1425 sed
350 1370 597 1408 Gebehardus
635 1371 869 1418 Imperatoris
905 1370 1135 1410 consiliarius
1180 1382 1280 1420 erat;
1306 1385 1375 1411 cu-

253 1435 316 1482 ius
343 1429 471 1477 intima
510 1439 698 1487 proposita
733 1438 914 1477 scrutatus
958 1439 1109 1486 fuerat,
1160 1449 1195 1477 et
1229 1450 1369 1488 praete-

257 1521 318 1548 rea
343 1501 462 1557 gentis
485 1509 725 1547 Germanicae
757 1508 896 1555 studia,
923 1508 1071 1556 Imperii
1104 1509 1258 1548 subiidia
1274 1538 1289 1557 ‚
1309 1522 1374 1549 au-

255 1578 310 1618 lae
342 1579 593 1618 conditionem
639 1579 787 1626 penitus
820 1567 1076 1626 exploraverat
1101 1580 1185 1629 (4).
1241 1581 1371 1632 Quum

1305 1663 1377 1701 igr-

295 1776 346 1812 (1)
368 1777 460 1806 Conf.
483 1777 654 1811 Nauck,
675 1778 696 1804 1.
716 1784 743 1806 c.
763 1777 816 1805 IV.
841 1778 876 1806 Β.
901 1777 922 1805 Ι.
945 1777 1023 1812 Ab„
1042 1785 1108 1813 pag.
1123 1786 1173 1812 47.

274 1834 348 1870 ·(2)
370 1835 463 1863 Conf.
492 1835 706 1868 Gieseier,
728 1835 749 1862 1.
770 1841 798 1861 c.
823 1834 863 1862 11.
883 1835 916 1862 Β.
937 1833 975 1862 ῙῙ.
999 1834 1081 1869 Ab„
1102 1843 1169 1870 pag.
1189 1837 1205 1863 Β
1227 1842 1257 1864 et
1273 1842 1303 1871 9.

298 1891 353 1928 (3)
370 1893 448 1919 &iane
476 1890 663 1925 prudentiam
686 1889 880 1924 Gregorii
903 1898 919 1917 e
945 1891 1087 1925 narratis,
1106 1891 1234 1920 maxime
1255 1900 1330 1921 vero
1354 1901 1371 1922 e

257 1948 402 1982 deinceps
427 1945 578 1974 narrandis
600 1953 743 1980 apparere
766 1945 957 1980 putavimus3
974 1946 1149 1974 sententiam
1167 1955 1242 1975 vero
1267 1949 1370 1983 Spit-

255 2005 333 2034 leri
365 2003 462 2032 minus
488 2003 691 2038 probandam,
723 2002 775 2036 qui
804 2003 841 2030 de
872 2002 1144 2033 Hildebrandi
1161 2007 1252 2035 rebus
1277 2008 1368 2043 gestis

256 2069 366 2097 agens,
393 2061 467 2088 haec
499 2059 602 2087 addit:
629 2059 787 2092 misfikian
814 2061 841 2087 is
865 2061 918 2088 vok
951 2071 1006 2099 nog
1036 2073 1110 2099 geen
1145 2071 1279 2102 antwerp
1306 2073 1366 2095 met

259 2128 340 2147 meer
367 2116 655 2151 onvoorzigtigheid
679 2117 880 2152 nitgevoerd,
901 2119 924 2146 1.
947 2128 974 2147 c.
995 2127 1063 2153 pag.
1086 2127 1149 2158 194.

275 2178 350 2218 ,(4)
372 2178 490 2204 Haecce
513 2175 711 2209 conjectura.
745 2177 793 2204 etfi
824 2185 839 2204 a
874 2178 1063 2206 Planckii
1093 2179 1239 2209 sententia
1263 2180 1366 2211 diver-

260 2235 309 2270 sa,
324 2233 412 2263 nobis
437 2240 535 2262 tamen
548 2232 804 2278 tuenda-videtur,
830 2234 898 2263 Vid.
919 2236 1086 2269 Planck,
1117 2237 1141 2264 1.
1165 2244 1197 2265 c.
1217 2238 1271 2267 W.
1294 2240 1329 2269 B.
1341 2240 1367 2271 1.

263 2292 345 2328 Ab„
366 2298 430 2327 pag.
449 2291 498 2326 48.
