1483 2860
438 219 942 264 LITERARIA
1196 241 1242 279 m

122 326 363 369 instrumenta
404 329 482 369 esse
522 331 751 380 noluerunt,
793 344 906 382 atque
946 346 1106 385 munus,
1172 338 1238 377 fibi

0 444 3 457 ἱ
60 406 69 410 “
119 400 318 448 oblatum,
358 399 512 439 firmiter
550 402 764 442 recusarunt
785 405 884 454 ·(1).
939 405 1086 455 Vulgus
1130 405 1240 448 facile

125 470 300 520 decipere
330 479 476 519 poterat
500 470 801 521 Philippus.
855 474 1164 517 Gulielmum
1200 488 1238 518 et

123 541 160 581 E
174 541 445 591 gmondum
496 541 648 581 acrioris
680 543 818 592 ingenii
859 545 1073 595 patriaeque
1113 559 1239 587 aman-

123 611 287 652 tisfimos
313 611 417 650 viros
452 622 531 651 non
555 622 718 661 poterat.
772 615 955 664 Quamvis
997 617 1093 655 enim
1130 618 1241 656 Phi-

124 682 306 733 lippus
330 692 367 721 et
388 682 574 722 lenitatem
602 692 639 723 et
658 684 854 724 amicitiam
877 685 1002 725 sedulo
1028 687 1212 727 simularet
1227 711 1244 738 5

124 753 267 793 horum·
297 764 452 792 acumen
487 762 610 793 tamen
642 755 681 792 in
717 755 847 794 intima
881 757 962 807 ejus
992 757 1144 797 confina
1177 771 1244 808 pe·

113 796 296 862 *netrabat
333 831 448 872 atque
481 825 579 863 clare
618 824 889 874 perspiciebat,
932 839 1015 867 eum
1046 828 1242 878 imperium

127 891 338 934 absolutum
352 921 366 941 ‚
393 893 675 942 imperandique
700 895 889 935 libidinem
908 897 1093 947 persequi.

179 961 440 1001 Gulielmi
476 972 515 1001 et
556 964 813 1013 Egmondi
856 968 1098 1017 responsum,
1141 971 1245 1019 quod

127 1032 332 1082 genuinum
355 1033 496 1080 patriae
526 1045 689 1072 amorem
722 1036 1010 1087 Belgicamque,
1039 1048 1080 1078 ut
1106 1040 1156 1078 ita
1191 1041 1246 1079 di-

126 1112 234 1150 cam,
283 1101 532 1151 integritatem
559 1104 740 1153 sonabat,
776 1107 875 1156 Regi
909 1109 1058 1147 minime
1096 1112 1246 1158 quidem

126 1171 312 1219 placebat.
363 1173 591 1212 Iracundiam
614 1183 762 1223 tamen,
792 1187 930 1225 pectus
965 1180 1067 1226 quasl
1092 1182 1248 1219 aduren-

126 1248 226 1289 tem,
251 1241 318 1280 illo
345 1249 514 1291 tempore
539 1242 833 1293 supprimendam
859 1247 937 1286 esse
963 1249 1119 1288 censuit.
1172 1251 1251 1289 Ve-

113 1321 242 1360 .rum,
268 1311 355 1351 licet
377 1324 454 1351 eam
479 1313 748 1364 dissimularet,
770 1316 935 1356 vindicta
960 1328 1082 1358 tamen
1109 1320 1249 1370 semper

127 1379 253 1420 animo
282 1380 473 1432 versabat,
502 1383 729 1435 Regemque
759 1385 835 1427 suis
856 1388 958 1438 quasi
984 1391 1120 1430 aculeis
1156 1405 1252 1441 quo·

126 1451 218 1492 tidie
247 1453 538 1504 compungebat.
566 1483 568 1485 -

630 1544 672 1594 §0
710 1547 750 1586 6.

183 1627 314 1684 Quum
338 1645 513 1688 tempus,
548 1652 625 1689 quo
650 1639 791 1693 Phili
804 1657 830 1695 p
843 1656 870 1695 p
884 1658 909 1685 u
923 1659 941 1685 s
970 1648 1008 1686 in
1030 1645 1250 1698 Hispaniam

134 1703 438 1757 proficisceretur
445 1710 779 1763 appropinquaret,
790 1714 878 1764 ipfis
891 1718 1002 1757 nonis
1019 1718 1252 1762 Octobribus

1179 1791 1254 1831 Or-

173 1858 406 1899 (onooft,
432 1865 495 1900 Op
517 1866 541 1896 1.
563 1875 632 1903 pag.
661 1877 700 1906 24
730 1871 872 1907 egregie,
895 1872 941 1901 uti
968 1876 1060 1903 multa
1081 1875 1156 1913 alia,
1179 1877 1253 1920 haee

134 1918 296 1949 enarravit.
337 1921 422 1951 Inter
443 1923 500 1952 alia
521 1925 596 1954 haec
618 1925 750 1962 scripfit.
781 1948 805 1964 ‚,
825 1931 908 1958 Maar
929 1931 1006 1959 deze
1029 1933 1171 1970 Heeren,
1200 1935 1254 1964 be·

135 1992 161 2012 „
183 1976 397 2015 behartigende
419 1982 456 2010 de
489 1981 624 2016 vrijheid
646 1984 699 2013 des
724 1986 913 2017 vaderlandts
941 1996 980 2017 en
1006 1988 1128 2019 ’s‘volks
1158 1999 1254 2035 vuor-

134 2049 160 2069 .,
177 2033 248 2063 dee'l
275 2035 376 2066 boven
402 2039 464 2068 hun
488 2039 656 2077 bizonder,
685 2041 824 2077 ssoegen’
825 2051 837 2072 t
859 2047 1127 2084 grootmoediglijk
1154 2050 1190 2079 af
1214 2059 1255 2080 en

128 2107 157 2129 ,‚
175 2088 313 2122 vo'erden
343 2095 412 2124 hem
437 2103 467 2125 te
491 2104 630 2132 gemoet·
657 2119 681 2136 ‚,
715 2101 765 2129 dat
795 2103 957 2139 vergeess‚
978 2105 1057 2133 door
1074 2109 1255 2153 vroomhheid

132 2164 156 2193 .”
177 2167 202 2185 ,,
221 2156 260 2178 en
283 2159 431 2188 wapcnen
457 2154 512 2183 der
539 2156 698 2187 landzaten
729 2159 822 2187 vrede
851 2159 1004 2203 bevogten
1029 2170 1128 2200 waar,
1148 2164 1254 2196 indien

117 2223 157 2261 -,’.’
178 2225 203 2248 η,
214 2205 260 2250 2ιίἵὶ
278 2207 507 2249 inwendigiijk,
524 2219 587 2242 met
602 2215 654 2243 het
673 2214 731 2249 iuk
746 2217 801 2246 der
820 2217 1048 2268 vreemdelinge
1051 2227 1088 2258 n,
1098 2220 1256 2254 ssaaffcheff

129 2276 159 2299 η
178 2280 204 2315 .”
221 2258 323 2318 'wijze
328 2265 424 2296 belast
437 2266 590 2321 bleven3’
