<?xml version="1.0" encoding="UTF-8"?>
<!DOCTYPE html PUBLIC "-//W3C//DTD XHTML 1.0 Transitional//EN"
    "http://www.w3.org/TR/xhtml1/DTD/xhtml1-transitional.dtd">
<html xmlns="http://www.w3.org/1999/xhtml" xml:lang="en" lang="en">
 <head>
  <title>
</title>
<meta http-equiv="Content-Type" content="text/html;charset=utf-8" />
  <meta name='ocr-system' content='tesseract 3.04.00' />
  <meta name='ocr-capabilities' content='ocr_page ocr_carea ocr_par ocr_line ocrx_word'/>
</head>
<body>
  <div class='ocr_page' id='page_1' title='image "annalesacademiae29acad_0079.png"; bbox 0 0 1560 2860; ppageno 0'>
   <div class='ocr_carea' id='block_1_1' title="bbox 466 267 1204 325">
    <p class='ocr_par' dir='ltr' id='par_1_1' title="bbox 466 267 1204 325">
     <span class='ocr_line' id='line_1_1' title="bbox 466 267 1204 325; baseline 0.018 -13"><span class='ocrx_word' id='word_1_1' title='bbox 466 267 854 319; x_wconf 83' lang='lat' dir='ltr'><strong>ORATIO.</strong></span> <span class='ocrx_word' id='word_1_2' title='bbox 1148 282 1204 325; x_wconf 78' lang='lat'><strong>33</strong></span> 
     </span>
    </p>
   </div>
   <div class='ocr_carea' id='block_1_2' title="bbox 43 405 1201 2416">
    <p class='ocr_par' dir='ltr' id='par_1_2' title="bbox 43 405 1201 2357">
     <span class='ocr_line' id='line_1_2' title="bbox 100 405 1201 465; baseline 0.013 -15"><span class='ocrx_word' id='word_1_3' title='bbox 100 405 329 463; x_wconf 85' lang='lat' dir='ltr'><strong>aequalium</strong></span> <span class='ocrx_word' id='word_1_4' title='bbox 357 405 503 452; x_wconf 86' lang='lat' dir='ltr'><strong>animis</strong></span> <span class='ocrx_word' id='word_1_5' title='bbox 531 407 756 453; x_wconf 87' lang='lat' dir='ltr'><strong>tollendam</strong></span> <span class='ocrx_word' id='word_1_6' title='bbox 777 441 790 465; x_wconf 90' lang='lat'><strong>,</strong></span> <span class='ocrx_word' id='word_1_7' title='bbox 832 411 905 456; x_wconf 92' lang='lat' dir='ltr'><strong>Pa</strong></span> <span class='ocrx_word' id='word_1_8' title='bbox 920 427 999 458; x_wconf 89' lang='lat' dir='ltr'><strong>rm</strong></span> <span class='ocrx_word' id='word_1_9' title='bbox 1014 416 1201 465; x_wconf 90' lang='lat' dir='ltr'><strong>enidis</strong></span> 
     </span>
     <span class='ocr_line' id='line_1_3' title="bbox 95 481 1199 538; baseline 0.013 -14"><span class='ocrx_word' id='word_1_10' title='bbox 95 484 377 526; x_wconf 73' lang='lat' dir='ltr'><strong>Idealismus</strong></span> <span class='ocrx_word' id='word_1_11' title='bbox 426 481 485 526; x_wconf 82' lang='lat' dir='ltr'><strong>ita</strong></span> <span class='ocrx_word' id='word_1_12' title='bbox 527 495 624 527; x_wconf 84' lang='lat' dir='ltr'><strong>cum</strong></span> <span class='ocrx_word' id='word_1_13' title='bbox 671 484 713 529; x_wconf 88' lang='lat' dir='ltr'>D</span> <span class='ocrx_word' id='word_1_14' title='bbox 730 488 1002 534; x_wconf 82' lang='lat' dir='ltr'><strong>emocriti</strong></span> <span class='ocrx_word' id='word_1_15' title='bbox 1037 493 1199 538; x_wconf 84' lang='lat' dir='ltr'><strong>Mate-</strong></span> 
     </span>
     <span class='ocr_line' id='line_1_4' title="bbox 94 557 1196 625; baseline 0.012 -24"><span class='ocrx_word' id='word_1_16' title='bbox 94 558 325 612; x_wconf 83' lang='lat' dir='ltr'><strong>rialismo,</strong></span> <span class='ocrx_word' id='word_1_17' title='bbox 368 557 557 615; x_wconf 83' lang='lat' dir='ltr'><strong>quamvis</strong></span> <span class='ocrx_word' id='word_1_18' title='bbox 601 558 646 603; x_wconf 89' lang='lat' dir='ltr'><strong>in</strong></span> <span class='ocrx_word' id='word_1_19' title='bbox 701 559 940 620; x_wconf 86' lang='lat' dir='ltr'><strong>disparibus</strong></span> <span class='ocrx_word' id='word_1_20' title='bbox 979 566 1196 625; x_wconf 86' lang='lat' dir='ltr'><strong>utriusque</strong></span> 
     </span>
     <span class='ocr_line' id='line_1_5' title="bbox 93 632 1198 698; baseline 0.011 -22"><span class='ocrx_word' id='word_1_21' title='bbox 93 632 240 677; x_wconf 90' lang='lat' dir='ltr'><strong>studiis</strong></span> <span class='ocrx_word' id='word_1_22' title='bbox 268 648 319 678; x_wconf 87' lang='lat' dir='ltr'><strong>ac</strong></span> <span class='ocrx_word' id='word_1_23' title='bbox 345 632 509 693; x_wconf 86' lang='lat' dir='ltr'><strong>placitis</strong></span> <span class='ocrx_word' id='word_1_24' title='bbox 523 664 537 687; x_wconf 91' lang='lat'><strong>,</strong></span> <span class='ocrx_word' id='word_1_25' title='bbox 568 634 688 691; x_wconf 91' lang='lat' dir='ltr'><strong>quasi</strong></span> <span class='ocrx_word' id='word_1_26' title='bbox 717 635 770 681; x_wconf 90' lang='lat' dir='ltr'><strong>de</strong></span> <span class='ocrx_word' id='word_1_27' title='bbox 805 647 1028 698; x_wconf 88' lang='lat' dir='ltr'><strong>compacto</strong></span> <span class='ocrx_word' id='word_1_28' title='bbox 1043 674 1056 696; x_wconf 93' lang='lat'><strong>,</strong></span> <span class='ocrx_word' id='word_1_29' title='bbox 1087 656 1198 688; x_wconf 87' lang='lat' dir='ltr'><strong>con-</strong></span> 
     </span>
     <span class='ocr_line' id='line_1_6' title="bbox 91 707 1195 766; baseline 0.012 -15"><span class='ocrx_word' id='word_1_30' title='bbox 91 707 293 766; x_wconf 85' lang='lat' dir='ltr'><strong>spiravit,</strong></span> <span class='ocrx_word' id='word_1_31' title='bbox 347 716 394 753; x_wconf 88' lang='lat' dir='ltr'><strong>ut</strong></span> <span class='ocrx_word' id='word_1_32' title='bbox 436 723 490 754; x_wconf 93' lang='lat' dir='ltr'><strong>ne</strong></span> <span class='ocrx_word' id='word_1_33' title='bbox 533 709 720 755; x_wconf 87' lang='lat' dir='ltr'>saniores</span> <span class='ocrx_word' id='word_1_34' title='bbox 771 711 824 757; x_wconf 91' lang='lat' dir='ltr'><strong>de</strong></span> <span class='ocrx_word' id='word_1_35' title='bbox 864 714 958 760; x_wconf 90' lang='lat' dir='ltr'><strong>Deo</strong></span> <span class='ocrx_word' id='word_1_36' title='bbox 1002 717 1195 765; x_wconf 88' lang='lat' dir='ltr'><strong>notiones</strong></span> 
     </span>
     <span class='ocr_line' id='line_1_7' title="bbox 90 784 1195 849; baseline 0.01 -21"><span class='ocrx_word' id='word_1_37' title='bbox 90 797 264 843; x_wconf 90' lang='lat' dir='ltr'><strong>prorsus</strong></span> <span class='ocrx_word' id='word_1_38' title='bbox 292 784 639 840; x_wconf 86' lang='lat' dir='ltr'><strong>obscurarentur,</strong></span> <span class='ocrx_word' id='word_1_39' title='bbox 668 786 897 834; x_wconf 90' lang='lat' dir='ltr'><strong>timendum</strong></span> <span class='ocrx_word' id='word_1_40' title='bbox 922 798 1056 849; x_wconf 69' lang='lat' dir='ltr'><strong>esset,</strong></span> <span class='ocrx_word' id='word_1_41' title='bbox 1098 806 1195 838; x_wconf 89' lang='lat' dir='ltr'><strong>cum</strong></span> 
     </span>
     <span class='ocr_line' id='line_1_8' title="bbox 89 861 1195 922; baseline 0.01 -19"><span class='ocrx_word' id='word_1_42' title='bbox 89 861 336 918; x_wconf 82' lang='lat' dir='ltr'><strong>praesertim</strong></span> <span class='ocrx_word' id='word_1_43' title='bbox 368 869 519 921; x_wconf 87' lang='lat' dir='ltr'><strong>postea</strong></span> <span class='ocrx_word' id='word_1_44' title='bbox 558 861 994 922; x_wconf 89' lang='lat' dir='ltr'><strong>Sophistarum,</strong></span> <span class='ocrx_word' id='word_1_45' title='bbox 1025 882 1051 911; x_wconf 92' lang='lat' dir='ltr'><strong>a</strong></span> <span class='ocrx_word' id='word_1_46' title='bbox 1089 869 1195 914; x_wconf 84' lang='lat' dir='ltr'><strong>reli-</strong></span> 
     </span>
     <span class='ocr_line' id='line_1_9' title="bbox 89 933 1192 998; baseline 0.01 -21"><span class='ocrx_word' id='word_1_47' title='bbox 89 933 222 991; x_wconf 87' lang='lat' dir='ltr'><strong>gionis</strong></span> <span class='ocrx_word' id='word_1_48' title='bbox 253 950 395 981; x_wconf 87' lang='lat' dir='ltr'><strong>amore</strong></span> <span class='ocrx_word' id='word_1_49' title='bbox 431 952 670 983; x_wconf 89' lang='lat' dir='ltr'><strong>aversorum</strong></span> <span class='ocrx_word' id='word_1_50' title='bbox 685 970 698 993; x_wconf 90' lang='lat'><strong>,</strong></span> <span class='ocrx_word' id='word_1_51' title='bbox 728 940 915 998; x_wconf 83' lang='lat' dir='ltr'><strong>argutiae</strong></span> <span class='ocrx_word' id='word_1_52' title='bbox 943 943 1192 988; x_wconf 83' lang='lat' dir='ltr'><strong>accederent</strong></span> 
     </span>
     <span class='ocr_line' id='line_1_10' title="bbox 91 1009 1192 1074; baseline 0.012 -23"><span class='ocrx_word' id='word_1_53' title='bbox 91 1009 344 1068; x_wconf 90' lang='lat' dir='ltr'><strong>callidaeque</strong></span> <span class='ocrx_word' id='word_1_54' title='bbox 378 1012 680 1071; x_wconf 86' lang='lat' dir='ltr'><strong>captiunculae.</strong></span> <span class='ocrx_word' id='word_1_55' title='bbox 778 1014 865 1059; x_wconf 89' lang='lat' dir='ltr'><strong>Sed</strong></span> <span class='ocrx_word' id='word_1_56' title='bbox 907 1018 1039 1074; x_wconf 84' lang='lat' dir='ltr'><strong>qualis</strong></span> <span class='ocrx_word' id='word_1_57' title='bbox 1085 1019 1192 1064; x_wconf 83' lang='lat' dir='ltr'><strong>haec</strong></span> 
     </span>
     <span class='ocr_line' id='line_1_11' title="bbox 89 1084 1192 1142; baseline 0.013 -15"><span class='ocrx_word' id='word_1_58' title='bbox 89 1091 180 1128; x_wconf 84' lang='lat' dir='ltr'><strong>erat</strong></span> <span class='ocrx_word' id='word_1_59' title='bbox 221 1092 263 1128; x_wconf 81' lang='lat' dir='ltr'><strong>et</strong></span> <span class='ocrx_word' id='word_1_60' title='bbox 300 1100 425 1142; x_wconf 91' lang='lat' dir='ltr'><strong>quam</strong></span> <span class='ocrx_word' id='word_1_61' title='bbox 463 1086 657 1129; x_wconf 88' lang='lat' dir='ltr'><strong>miranda</strong></span> <span class='ocrx_word' id='word_1_62' title='bbox 696 1084 872 1133; x_wconf 90' lang='lat' dir='ltr'><strong>Divinae</strong></span> <span class='ocrx_word' id='word_1_63' title='bbox 901 1091 1192 1141; x_wconf 86' lang='lat' dir='ltr'><strong>Providentiae</strong></span> 
     </span>
     <span class='ocr_line' id='line_1_12' title="bbox 86 1157 1189 1225; baseline 0.011 -23"><span class='ocrx_word' id='word_1_64' title='bbox 86 1157 350 1217; x_wconf 85' lang='lat' dir='ltr'><strong>benignitas,</strong></span> <span class='ocrx_word' id='word_1_65' title='bbox 391 1175 499 1217; x_wconf 88' lang='lat' dir='ltr'><strong>quae</strong></span> <span class='ocrx_word' id='word_1_66' title='bbox 525 1175 636 1206; x_wconf 90' lang='lat' dir='ltr'><strong>nunc</strong></span> <span class='ocrx_word' id='word_1_67' title='bbox 660 1159 922 1220; x_wconf 85' lang='lat' dir='ltr'><strong>potissimum</strong></span> <span class='ocrx_word' id='word_1_68' title='bbox 951 1167 1189 1225; x_wconf 81' lang='lat' dir='ltr'><strong>integrioris</strong></span> 
     </span>
     <span class='ocr_line' id='line_1_13' title="bbox 85 1234 1190 1299; baseline 0.003 -20"><span class='ocrx_word' id='word_1_69' title='bbox 85 1234 342 1294; x_wconf 87' lang='lat' dir='ltr'><strong>Theologiae</strong></span> <span class='ocrx_word' id='word_1_70' title='bbox 368 1236 559 1290; x_wconf 86' lang='lat' dir='ltr'><strong>decreta,</strong></span> <span class='ocrx_word' id='word_1_71' title='bbox 598 1250 677 1295; x_wconf 89' lang='lat' dir='ltr'><strong>per</strong></span> <span class='ocrx_word' id='word_1_72' title='bbox 703 1236 1091 1299; x_wconf 81' lang='lat' dir='ltr'><strong>Anaxagoram</strong></span> <span class='ocrx_word' id='word_1_73' title='bbox 1118 1242 1190 1287; x_wconf 75' lang='lat' dir='ltr'><strong>in-</strong></span> 
     </span>
     <span class='ocr_line' id='line_1_14' title="bbox 85 1310 1188 1376; baseline 0.005 -19"><span class='ocrx_word' id='word_1_74' title='bbox 85 1310 312 1365; x_wconf 88' lang='lat' dir='ltr'><strong>venienda,</strong></span> <span class='ocrx_word' id='word_1_75' title='bbox 350 1318 421 1355; x_wconf 86' lang='lat' dir='ltr'><strong>aut</strong></span> <span class='ocrx_word' id='word_1_76' title='bbox 450 1319 562 1365; x_wconf 76' lang='lat' dir='ltr'><strong>certe</strong></span> <span class='ocrx_word' id='word_1_77' title='bbox 590 1312 645 1356; x_wconf 90' lang='lat' dir='ltr'><strong>ab</strong></span> <span class='ocrx_word' id='word_1_78' title='bbox 673 1312 883 1359; x_wconf 90' lang='lat' dir='ltr'><strong>oblivione</strong></span> <span class='ocrx_word' id='word_1_79' title='bbox 911 1315 1188 1376; x_wconf 85' lang='lat' dir='ltr'><strong>vindicanda3</strong></span> 
     </span>
     <span class='ocr_line' id='line_1_15' title="bbox 83 1386 1190 1452; baseline 0.007 -22"><span class='ocrx_word' id='word_1_80' title='bbox 83 1401 161 1447; x_wconf 87' lang='lat' dir='ltr'><strong>per</strong></span> <span class='ocrx_word' id='word_1_81' title='bbox 189 1386 453 1431; x_wconf 88' lang='lat' dir='ltr'><strong>Socratis</strong></span> <span class='ocrx_word' id='word_1_82' title='bbox 490 1387 687 1446; x_wconf 87' lang='lat' dir='ltr'><strong>deinceps</strong></span> <span class='ocrx_word' id='word_1_83' title='bbox 726 1391 975 1450; x_wconf 89' lang='lat' dir='ltr'><strong>popularem</strong></span> <span class='ocrx_word' id='word_1_84' title='bbox 1016 1392 1190 1452; x_wconf 89' lang='lat' dir='ltr'><strong>sapien-</strong></span> 
     </span>
     <span class='ocr_line' id='line_1_16' title="bbox 82 1460 1190 1526; baseline 0.006 -19"><span class='ocrx_word' id='word_1_85' title='bbox 82 1463 184 1511; x_wconf 89' lang='lat' dir='ltr'><strong>tiam</strong></span> <span class='ocrx_word' id='word_1_86' title='bbox 202 1463 248 1507; x_wconf 92' lang='lat' dir='ltr'><strong>in</strong></span> <span class='ocrx_word' id='word_1_87' title='bbox 272 1463 422 1507; x_wconf 87' lang='lat' dir='ltr'><strong>civium</strong></span> <span class='ocrx_word' id='word_1_88' title='bbox 441 1463 589 1508; x_wconf 90' lang='lat' dir='ltr'><strong>domos</strong></span> <span class='ocrx_word' id='word_1_89' title='bbox 609 1460 940 1523; x_wconf 81' lang='lat' dir='ltr'><strong>introducenda3</strong></span> <span class='ocrx_word' id='word_1_90' title='bbox 971 1481 1049 1526; x_wconf 92' lang='lat' dir='ltr'><strong>per</strong></span> <span class='ocrx_word' id='word_1_91' title='bbox 1069 1469 1190 1515; x_wconf 86' lang='lat' dir='ltr'><strong>Pla-</strong></span> 
     </span>
     <span class='ocr_line' id='line_1_17' title="bbox 82 1539 1189 1601; baseline 0.006 -19"><span class='ocrx_word' id='word_1_92' title='bbox 82 1539 234 1583; x_wconf 89' lang='lat' dir='ltr'><strong>tonis</strong></span> <span class='ocrx_word' id='word_1_93' title='bbox 281 1539 450 1583; x_wconf 91' lang='lat' dir='ltr'><strong>tandem</strong></span> <span class='ocrx_word' id='word_1_94' title='bbox 497 1539 867 1599; x_wconf 87' lang='lat' dir='ltr'><strong>incomparabilem</strong></span> <span class='ocrx_word' id='word_1_95' title='bbox 911 1543 1189 1601; x_wconf 86' lang='lat' dir='ltr'><strong>eloquentiam</strong></span> 
     </span>
     <span class='ocr_line' id='line_1_18' title="bbox 82 1614 1188 1676; baseline 0.005 -17"><span class='ocrx_word' id='word_1_96' title='bbox 82 1614 342 1659; x_wconf 87' lang='lat' dir='ltr'><strong>doctioribus</strong></span> <span class='ocrx_word' id='word_1_97' title='bbox 371 1614 495 1658; x_wconf 83' lang='lat' dir='ltr'><strong>etiam</strong></span> <span class='ocrx_word' id='word_1_98' title='bbox 518 1616 850 1661; x_wconf 87' lang='lat' dir='ltr'><strong>commendanda</strong></span> <span class='ocrx_word' id='word_1_99' title='bbox 880 1617 1188 1676; x_wconf 87' lang='lat' dir='ltr'><strong>probandaque</strong></span> 
     </span>
     <span class='ocr_line' id='line_1_19' title="bbox 82 1690 1187 1747; baseline 0.004 -13"><span class='ocrx_word' id='word_1_100' title='bbox 82 1692 271 1734; x_wconf 82' lang='lat' dir='ltr'><strong>curaret!</strong></span> <span class='ocrx_word' id='word_1_101' title='bbox 303 1713 359 1724; x_wconf 93' lang='lat'>—</span> <span class='ocrx_word' id='word_1_102' title='bbox 388 1690 739 1747; x_wconf 82' lang='lat' dir='ltr'><strong>Quandoquidem</strong></span> <span class='ocrx_word' id='word_1_103' title='bbox 764 1698 901 1735; x_wconf 92' lang='lat' dir='ltr'><strong>autem</strong></span> <span class='ocrx_word' id='word_1_104' title='bbox 928 1692 982 1736; x_wconf 89' lang='lat' dir='ltr'><strong>de</strong></span> <span class='ocrx_word' id='word_1_105' title='bbox 1011 1692 1187 1738; x_wconf 89' lang='lat' dir='ltr'><strong>Graecis</strong></span> 
     </span>
     <span class='ocr_line' id='line_1_20' title="bbox 81 1765 1186 1825; baseline 0.001 -15"><span class='ocrx_word' id='word_1_106' title='bbox 81 1766 220 1811; x_wconf 88' lang='lat' dir='ltr'><strong>dicere</strong></span> <span class='ocrx_word' id='word_1_107' title='bbox 240 1765 498 1825; x_wconf 88' lang='lat' dir='ltr'><strong>incepimus,</strong></span> <span class='ocrx_word' id='word_1_108' title='bbox 528 1765 668 1810; x_wconf 86' lang='lat' dir='ltr'><strong>facere</strong></span> <span class='ocrx_word' id='word_1_109' title='bbox 680 1779 766 1810; x_wconf 92' lang='lat' dir='ltr'><strong>non</strong></span> <span class='ocrx_word' id='word_1_110' title='bbox 777 1779 1024 1824; x_wconf 90' lang='lat' dir='ltr'><strong>possumus,</strong></span> <span class='ocrx_word' id='word_1_111' title='bbox 1055 1767 1186 1825; x_wconf 92' lang='lat' dir='ltr'><strong>quin,</strong></span> 
     </span>
     <span class='ocr_line' id='line_1_21' title="bbox 81 1839 1186 1900; baseline 0.001 -14"><span class='ocrx_word' id='word_1_112' title='bbox 81 1841 154 1887; x_wconf 78' lang='lat' dir='ltr'><strong>hic</strong></span> <span class='ocrx_word' id='word_1_113' title='bbox 195 1855 386 1899; x_wconf 90' lang='lat' dir='ltr'><strong>quoque,</strong></span> <span class='ocrx_word' id='word_1_114' title='bbox 429 1839 668 1885; x_wconf 89' lang='lat' dir='ltr'><strong>Stoicos</strong></span> <span class='ocrx_word' id='word_1_115' title='bbox 707 1854 1008 1898; x_wconf 81' lang='lat' dir='ltr'><strong>memoremus3</strong></span> <span class='ocrx_word' id='word_1_116' title='bbox 1049 1856 1186 1900; x_wconf 84' lang='lat' dir='ltr'><strong>quos,</strong></span> 
     </span>
     <span class='ocr_line' id='line_1_22' title="bbox 79 1913 1188 1975; baseline 0 -12"><span class='ocrx_word' id='word_1_117' title='bbox 79 1917 240 1966; x_wconf 86' lang='lat' dir='ltr'><strong>etiamsi</strong></span> <span class='ocrx_word' id='word_1_118' title='bbox 275 1915 443 1960; x_wconf 90' lang='lat' dir='ltr'><strong>minime</strong></span> <span class='ocrx_word' id='word_1_119' title='bbox 480 1913 525 1958; x_wconf 91' lang='lat' dir='ltr'><strong>in</strong></span> <span class='ocrx_word' id='word_1_120' title='bbox 559 1914 751 1960; x_wconf 88' lang='lat' dir='ltr'><strong>omnibus</strong></span> <span class='ocrx_word' id='word_1_121' title='bbox 789 1915 1062 1975; x_wconf 86' lang='lat' dir='ltr'><strong>probandos,</strong></span> <span class='ocrx_word' id='word_1_122' title='bbox 1103 1917 1188 1964; x_wconf 80' lang='lat' dir='ltr'><strong>Dei</strong></span> 
     </span>
     <span class='ocr_line' id='line_1_23' title="bbox 43 1990 1188 2053; baseline -0.002 -14"><span class='ocrx_word' id='word_1_123' title='bbox 43 2037 49 2045; x_wconf 80' lang='grc'><strong>,</strong></span> <span class='ocrx_word' id='word_1_124' title='bbox 79 2002 220 2052; x_wconf 80' lang='lat' dir='ltr'><strong>tamen</strong></span> <span class='ocrx_word' id='word_1_125' title='bbox 240 1992 477 2046; x_wconf 86' lang='lat' dir='ltr'><strong>ministros,</strong></span> <span class='ocrx_word' id='word_1_126' title='bbox 494 1991 567 2048; x_wconf 90' lang='lat' dir='ltr'><strong>qui</strong></span> <span class='ocrx_word' id='word_1_127' title='bbox 590 1991 642 2036; x_wconf 94' lang='lat' dir='ltr'><strong>de</strong></span> <span class='ocrx_word' id='word_1_128' title='bbox 666 1990 877 2050; x_wconf 86' lang='lat' dir='ltr'><strong>religionis</strong></span> <span class='ocrx_word' id='word_1_129' title='bbox 892 1994 1040 2038; x_wconf 73' lang='lat' dir='ltr'><strong>caussa</strong></span> <span class='ocrx_word' id='word_1_130' title='bbox 1053 2006 1188 2053; x_wconf 87' lang='lat' dir='ltr'><strong>prae-</strong></span> 
     </span>
     <span class='ocr_line' id='line_1_24' title="bbox 81 2066 1184 2121; baseline 0.001 -9"><span class='ocrx_word' id='word_1_131' title='bbox 81 2069 191 2113; x_wconf 90' lang='lat' dir='ltr'><strong>clare</strong></span> <span class='ocrx_word' id='word_1_132' title='bbox 215 2067 465 2121; x_wconf 86' lang='lat' dir='ltr'><strong>meruerint,</strong></span> <span class='ocrx_word' id='word_1_133' title='bbox 497 2067 637 2112; x_wconf 89' lang='lat' dir='ltr'><strong>dicere</strong></span> <span class='ocrx_word' id='word_1_134' title='bbox 660 2080 747 2111; x_wconf 93' lang='lat' dir='ltr'><strong>non</strong></span> <span class='ocrx_word' id='word_1_135' title='bbox 773 2066 1025 2114; x_wconf 85' lang='lat' dir='ltr'><strong>dubitamus.</strong></span> <span class='ocrx_word' id='word_1_136' title='bbox 1085 2068 1184 2113; x_wconf 89' lang='lat' dir='ltr'><strong>Me-</strong></span> 
     </span>
     <span class='ocr_line' id='line_1_25' title="bbox 79 2142 1185 2203; baseline 0.003 -17"><span class='ocrx_word' id='word_1_137' title='bbox 79 2149 148 2186; x_wconf 88' lang='lat' dir='ltr'><strong>tus</strong></span> <span class='ocrx_word' id='word_1_138' title='bbox 194 2143 384 2202; x_wconf 85' lang='lat' dir='ltr'><strong>profecto</strong></span> <span class='ocrx_word' id='word_1_139' title='bbox 437 2150 552 2197; x_wconf 83' lang='lat' dir='ltr'><strong>erat,</strong></span> <span class='ocrx_word' id='word_1_140' title='bbox 608 2156 662 2188; x_wconf 92' lang='lat' dir='ltr'><strong>ne</strong></span> <span class='ocrx_word' id='word_1_141' title='bbox 706 2142 951 2203; x_wconf 89' lang='lat' dir='ltr'><strong>Epicuri</strong></span> <span class='ocrx_word' id='word_1_142' title='bbox 1002 2143 1185 2203; x_wconf 84' lang='lat' dir='ltr'><strong>placita,</strong></span> 
     </span>
     <span class='ocr_line' id='line_1_26' title="bbox 83 2217 1185 2279; baseline 0.005 -18"><span class='ocrx_word' id='word_1_143' title='bbox 83 2232 189 2275; x_wconf 89' lang='lat' dir='ltr'><strong>quae</strong></span> <span class='ocrx_word' id='word_1_144' title='bbox 203 2249 215 2270; x_wconf 93' lang='lat'><strong>,</strong></span> <span class='ocrx_word' id='word_1_145' title='bbox 245 2232 338 2263; x_wconf 90' lang='lat' dir='ltr'><strong>cum</strong></span> <span class='ocrx_word' id='word_1_146' title='bbox 374 2217 679 2278; x_wconf 82' lang='lat' dir='ltr'><strong>superstitionis</strong></span> <span class='ocrx_word' id='word_1_147' title='bbox 718 2217 961 2278; x_wconf 90' lang='lat' dir='ltr'><strong>depulsione</strong></span> <span class='ocrx_word' id='word_1_148' title='bbox 997 2220 1185 2279; x_wconf 88' lang='lat' dir='ltr'><strong>promis-</strong></span> 
     </span>
     <span class='ocr_line' id='line_1_27' title="bbox 81 2294 1184 2357; baseline 0 -17"><span class='ocrx_word' id='word_1_149' title='bbox 81 2294 129 2340; x_wconf 63' lang='lat' dir='ltr'><strong>sa</strong></span> <span class='ocrx_word' id='word_1_150' title='bbox 140 2324 156 2353; x_wconf 49' lang='grc' dir='ltr'><strong><em>λ</em></strong></span> <span class='ocrx_word' id='word_1_151' title='bbox 187 2299 274 2338; x_wconf 90' lang='lat' dir='ltr'><strong>tum</strong></span> <span class='ocrx_word' id='word_1_152' title='bbox 310 2294 540 2357; x_wconf 78' lang='lat' dir='ltr'><strong>voluptatis</strong></span> <span class='ocrx_word' id='word_1_153' title='bbox 562 2308 640 2353; x_wconf 89' lang='lat' dir='ltr'><strong>spe</strong></span> <span class='ocrx_word' id='word_1_154' title='bbox 667 2295 832 2341; x_wconf 69' lang='lat' dir='ltr'><strong>ostensa</strong></span> <span class='ocrx_word' id='word_1_155' title='bbox 845 2326 858 2351; x_wconf 89' lang='lat'>‚</span> <span class='ocrx_word' id='word_1_156' title='bbox 886 2295 1045 2355; x_wconf 78' lang='lat' dir='ltr'><strong>levibus</strong></span> <span class='ocrx_word' id='word_1_157' title='bbox 1072 2296 1184 2341; x_wconf 86' lang='lat' dir='ltr'><strong>mul-</strong></span> 
     </span>
    </p>

    <p class='ocr_par' dir='ltr' id='par_1_3' title="bbox 589 2367 1182 2416">
     <span class='ocr_line' id='line_1_28' title="bbox 589 2367 1182 2416; baseline 0.007 -4"><span class='ocrx_word' id='word_1_158' title='bbox 589 2367 624 2412; x_wconf 92' lang='lat' dir='ltr'>C</span> <span class='ocrx_word' id='word_1_159' title='bbox 805 2384 807 2386; x_wconf 88' lang='lat'>·</span> <span class='ocrx_word' id='word_1_160' title='bbox 1108 2378 1182 2416; x_wconf 81' lang='lat' dir='ltr'><strong>to-</strong></span> 
     </span>
    </p>
   </div>
  </div>
 </body>
</html>
