1483 2860
377 259 888 300 LITERAR1A.
1102 272 1173 311 13⁹

54 399 87 419 „
115 379 221 408 turos
232 369 312 418 esse
332 369 426 418 ‚nisi
445 382 464 408 a
488 369 681 409 malevolis
698 369 916 413 hominibus
941 369 986 407 ad
1011 369 1172 407 deterio-

53 467 85 490 ‚‚
113 453 171 479 tes
195 442 356 479 rationes
377 440 497 479 essent
519 440 817 490 adducti.‚Quia
843 440 956 489 igitur
973 440 1175 477 confitetur

55 537 89 558 „
114 522 216 559 nm,
242 521 437 559 antequam
463 523 565 549 arma
591 511 854 560 suscepimus,
881 511 1004 548 officio
1041 520 1174 548 nostro

55 607 88 630 ,‚
115 581 188 620 rite
223 582 442 630 perfunctos
460 581 551 620 vesse
568 611 581 630 ,
608 581 756 626 necesse
787 591 871 629 est,
911 582 1020 619 etiam
1042 580 1180 619 eonfi-

55 677 92 698 „
115 660 263 700 matur,
294 650 330 689 se
356 664 421 701 per
451 651 623 702 inJ’uriam
657 652 939 690 inssinnocen'tes
970 651 1074 691 cives
1094 650 1179 691 sae·

53 747 86 768 ‚‚
114 720 248 769 viisse,
284 722 395 760 urbes
435 722 670 772 deripuisse,
699 722 871 761 incendio
905 721 1098 761 delevisse*
1122 722 1179 759 in-

54 816 87 838 „
113 792 292 839 colasque
326 794 376 839 fiad
409 793 487 831 dira
523 805 692 842 quaeque
732 792 914 842 supplicia
950 791 1115 841 rapuisse
1142 802 1179 834 et

57 887 90 908 ,‚
117 860 260 901 nefasta
293 873 414 901 morte
437 863 618 902 affecisse.

106 958 139 979 ,‚
167 932 274 982 Quae
309 946 425 981 quum
460 934 512 972 ita
549 934 650 981 fint,
689 946 756 982 per
783 935 934 982 Deum,
980 932 1047 982 qui
1071 942 1180 980 epro-

57 1027 100 1048 ‚‚.
117 1012 207 1040 narn.
233 1003 303 1042 tibi
333 1003 537 1052 imposuit,
565 1004 827 1053 sceptrumque
852 1005 891 1042 in
915 1003 1101 1042 manibus!
1120 1002 1184 1046 deq·

55 1072 227 1119 „stulin
269 1081 306 1111 te
329 1085 487 1112 ,oramus
514 1083 627 1122 atque
665 1076 898 1113 obtestamur
911 1082 994 1121 ‚Aut
1027 1074 1102 1111 nos'
1135 1073 1182 1111 ad

55 1167 86 1188 ,‚
116 1143 228 1189 pedes
265 1143 396 1181 stratos
440 1143 608 1182 subleves
648 1145 899 1193 precibusque
939 1145 1082 1182 nostris
1128 1143 1185 1182 fa»

55 1238 88 1258 ‚,
117 1215 216 1251 veas.
272 1213 504 1262 Obsequium
533 1216 631 1254 haud
664 1215 903 1262 recusamus,
931 1227 1060 1253 verum
1089 1213 1185 1262 peti-

55 1309 87 1329 „
117 1293 201 1320 mus
236 1292 408 1332 tantum,
438 1294 481 1323 ut
509 1285 622 1323 nobis
657 1285 854 1333 cogitandi
875 1285 1026 1323 libertas
1049 1296 1185 1327 conce-

57 1379 95 1399 „
117 1352 254 1399 datur,
294 1363 336 1393 ut
373 1355 479 1393 verbi
516 1355 636 1394 divini
671 1355 1015 1405 interpretationem
1056 1354 1184 1393 audire

59 1448 91 1469 ,2
117 1422 231 1465 nohis
274 1424 408 1474 liceat,
446 1437 522 1473 quo
549 1422 753 1473 aliquitndo
784 1425 928 1464 summo
965 1426 1090 1476 J'udice
1121 1435 1185 1462 co-

60 1518 92 1539 „
120 1503 196 1534 ram
219 1494 421 1534 ,actionum
449 1505 661 1535 nostrarum
702 1497 885 1535 rationem
919 1497 1070 1536 reddere
1094 1506 1185 1545 pos-

53 1583 93 1611 „
120 1562 248 1605 fimus.
303 1565 500 1613 Rogamus
530 1577 592 1614 te,
621 1577 663 1605 ut
688 1568 733 1606 ab
769 1568 940 1617 Hispano
969 1568 1088 1610 milite
1112 1577 1185 1605 nos

58 1659 90 1680 ‚a
119 1633 254 1675 liberes
281 1636 471 1685 nobisque
495 1650 536 1676 ea
559 1639 837 1687 concedasjura
855 1667 868 1685 ‚
894 1651 934 1676 ea
961 1637 1181 1686 privilegia,

59 1730 93 1750 2,
122 1715 198 1745 eam
232 1705 471 1754 libertatem,
498 1708 638 1755 quibus
660 1709 747 1747 olim
784 1709 896 1757 gavifi
923 1709 1050 1747 sumus
1075 1716 1188 1757 quae-

48 1799 92 1825 ⁷„
121 1785 195 1821 que
230 1786 250 1812 a
281 1783 342 1823 te,
377 1787 481 1824 patre
510 1787 578 1815 tuo
603 1778 791 1816 Carolo
823 1787 861 1816 et
891 1778 1097 1828 majoribus
1129 1788 1187 1816 ac-

60 1870 91 1892 „
118 1844 306 1895 cepimus.
334 1839 475 1897 ·Quo'd
496 1847 562 1884 ubi
591 1847 705 1886 nobis
734 1861 754 1886 a
794 1857 832 1885 te
857 1847 1036 1896 impertiri
1069 1858 1186 1885 nove-

60 1939 94 1962 „
122 1915 266 1963 rimus,
293 1927 370 1955 non
397 1926 541 1956 tantum
580 1919 699 1967 parati
729 1917 958 1966 sumt1s3“ad
993 1928 1107 1956 arma'
1124 1918 1186 1956 ‘de-

56 1995 90 2032 ,,’
118 1987 331 2035 ponenda,
363 1999 492 2026 verum
530 1989 637 2030 etiam
678 1989 789 2028 fidem
828 1998 993 2027 nostram
1030 1988 1096 2028 tibi
1125 1989 1188 2027 da-

60 2080 94 2102 „
121 2066 205 2109 mus
221 2085 234 2104 ,
261 2068 332 2096 nos
371 2061 471 2097 ultro
491 2064 607 2098 iterra
643 2059 811 2107 marique
834 2059 993 2109 imperio
1023 2069 1091 2101 tuo
1119 2059 1188 2097 ob-

61 2151 94 2172 „
120 2124 314 2166 secuturos
341 2128 431 2168 esse.
468 2131 571 2168 Haec
593 2143 660 2179 per
674 2131 796 2169 Deum
825 2140 1103 2180 praepotentem
1125 2130 1189 2169 ad-

59 2196 306 2249 „juramus3
338 2211 434 2249 quae
466 2201 534 2239 nifi
563 2213 608 2240 ex
637 2201 749 2239 a'nimi
781 2202 957 2242 sententia
981 2202 1031 2240 ita
1062 2214 1082 2240 a
1116 2213 1186 2240 no-

57 2297 91 2319 „
116 2270 177 2315 bis
202 2271 298 2310 dicta
325 2270 419 2318 sint,
447 2271 571 2311 Deum
603 2271 790 2320 optimum
812 2272 1011 2311 maximum
1035 2267 1184 2310 oramus

41 2366 90 2390 -„
117 2341 164 2380 ne
196 2341 328 2380 animis
356 2341 497 2381 nostris
526 2350 665 2390 parcat.

1005 2437 1038 2462 υ
1066 2409 1184 2460 QUOd
