1483 2860
211 765 954 825 INTRODUCTIO.

77 1272 228 1346 Quum
257 1306 276 1332 a
297 1293 568 1332 difficilioribus
601 1293 730 1333 studiis
766 1292 1060 1341 requiescerem,
1097 1291 1153 1332 ad

28 1367 148 1403 nullas
185 1377 271 1412 res,
312 1365 473 1402 animum
511 1364 698 1403 relaxandi
737 1363 870 1412 causa,
901 1374 960 1401 me
1002 1361 1143 1412 gratius

29 1434 290 1483 conferebam,
343 1446 452 1482 quam
487 1435 533 1473 ad
578 1446 636 1473 res
681 1433 972 1472 mathematicas.
1049 1433 1152 1472 Dul-

30 1516 72 1542 ce
103 1505 196 1542 mihi
231 1513 307 1541 erat
349 1504 497 1551 otium,
548 1515 625 1551 quo
664 1504 727 1543 his
766 1503 896 1544 studiis
930 1501 1147 1542 incumbere

31 1574 204 1625 possem,
256 1583 292 1612 et
338 1573 508 1622 inprimis
546 1585 586 1612 ea
621 1586 706 1622 pars
743 1586 832 1622 prae
876 1574 1010 1612 ceteris
1048 1572 1144 1611 mihi

31 1645 227 1694 placebat,
281 1656 374 1693 quae
408 1643 546 1692 spectat
572 1645 616 1682 ad
650 1645 833 1682 calculum
864 1642 1147 1682 differentialem

31 1724 69 1755 et
101 1715 327 1763 integralem.
381 1714 510 1764 Quum
545 1714 660 1763 igitur
700 1714 816 1752 hocce
837 1725 934 1752 anno
959 1712 1150 1761 quaestio-

31 1796 116 1824 nem
163 1784 479 1832 mathematicam,
528 1796 548 1822 a
593 1783 826 1825 nobilissimo
867 1783 1148 1833 disciplinarum

32 1856 369 1894 mathematicarum
393 1864 429 1892 et
456 1854 689 1903 physicarum
724 1855 852 1893 ordine
878 1855 917 1892 in
946 1853 1148 1892 Academia

33 1926 427 1975 Rheno-Trajectina
459 1926 711 1975 propomam,
739 1926 790 1963 ita
824 1924 896 1963 sese
921 1924 1143 1962 habentem:

33 1997 264 2048 Exponatur
289 1996 434 2034 theoria
466 1998 700 2045 tangentium
736 1996 884 2046 ejusque
919 1993 1003 2041 usus
1019 2022 1033 2042 ‚
1083 2005 1150 2031 au-

33 2067 177 2114 direm5
230 2066 346 2104 statim
381 2067 470 2104 haec
499 2066 589 2104 mihi
629 2066 838 2113 arridebat,
878 2065 938 2103 sed
970 2061 1146 2102 conscius

34 2149 135 2176 meae
169 2136 432 2175 imbecillitatis
465 2149 530 2185 per
563 2139 717 2186 longum
757 2147 902 2184 tempus
943 2134 1145 2172 retinebar.

34 2205 198 2245 Tandem
231 2216 351 2246 autem
385 2215 422 2244 et
458 2215 611 2256 propter
647 2207 701 2245 rei
737 2206 934 2245 utilitatem
967 2214 1003 2242 et
1034 2202 1148 2242 animi

0 2262 1 2267 ¹
33 2277 285 2324 voluptatem,
314 2289 424 2324 quam
457 2277 625 2314 tractatio
658 2277 770 2326 hujus
804 2274 1045 2326 Quaestionis
1080 2272 1149 2311 mi-

34 2345 76 2385 hi
109 2344 238 2384 afferre
265 2345 419 2395 posset,
466 2347 601 2395 cupide
645 2347 692 2385 ad
722 2358 800 2385 eam
836 2343 1028 2393 aggressus
1066 2343 1145 2381 sum

545 2417 581 2455 A
608 2429 630 2455 2
1106 2420 1145 2450 et
