1524 2850
376 284 912 337 ORATIO.
1146 282 1205 334 29

85 423 143 468 vit
157 421 197 468 et
221 437 367 468 revera
392 437 472 483 per
498 422 801 482 quinquaginta
827 421 908 467 hos
933 432 1068 466 annos
1095 419 1208 466 doc-

82 500 219 545 trinae
250 502 434 544 sormam·
456 499 622 559 accepit
643 500 833 544 novam?
865 497 1034 543 Scilicet
1052 497 1206 544 ineun-
1252 544 1256 547 .

81 585 124 621 te·
159 576 336 621 Saeculo
370 592 506 622 xv111
550 579 757 622 Stalzlius
781 576 846 621 vir
883 591 1069 621 summus
1097 575 1206 621 che-

81 653 208 698 miam
244 654 305 698 ita
353 653 550 698 tractavit
564 686 577 708 ,
619 661 665 699 ut
701 654 758 698 ad
797 653 1043 713 disciplinae
1077 660 1204 698 notas

85 732 332 786 accederem
360 727 479 775 ¹idem
506 738 649 774 tamen
678 728 1072 790 phaenomenorum
1099 742 1206 773 cau-

82 824 152 852 sas
188 823 274 852 non
315 808 414 852 satis
460 815 657 852 accurate
701 806 969 866 perspexisse
1010 806 1204 862 videtur,

82 893 123 929 et
152 885 283 943 magis
320 901 445 942 quam
480 900 560 944 par
598 891 707 930 esset
747 883 1054 943 hypothesibus
1092 884 1205 929 doc-

79 961 232 1005 trinam
258 962 614 1021 superstruxisse,
643 961 705 1005 uti
735 961 854 1005 facile
883 976 933 1005 ex
962 961 1050 1019 ejus
1081 974 1207 1006 com-

79 1039 286 1083 bustionis
322 1040 484 1083 theoria
530 1045 572 1083 et
613 1038 730 1095 quod
785 1037 1029 1097 phlogiston
1081 1038 1204 1083 dice-

80 1123 144 1159 ret
188 1116 391 1160 efficitur:
443 1115 584 1173 itaque
613 1122 713 1174 post
756 1116 998 1174 praeclaras
1036 1117 1204 1159 Sckee-

79 1195 134 1236 lii
148 1223 160 1244 ‚
195 1194 490 1235 Cavendc‘slzii
505 1224 516 1244 ‚
544 1195 806 1248 Priestleyi
831 1191 1092 1249 aliorumque
1117 1192 1205 1237 Ob-

43 1276 45 1279 ’
78 1269 333 1313 sel-vationes
378 1276 418 1312 et
461 1268 767 1327 experimenta,
797 1284 982 1313 summus
1017 1275 1058 1313 et
1097 1282 1205 1313 acu-

76 1332 257 1390 tissimus
324 1348 646 1390 Lavoisierias
703 1344 770 1389 his
828 1344 992 1398 nitens,
1049 1359 1203 1391 novam

76 1437 252 1482 prorsus
295 1430 336 1467 ct
375 1422 679 1481 phaenomenis
719 1422 1036 1467 convenientem
1067 1424 1203 1483 magis

78 1499 322 1558 disciplinae
335 1488 639 1558 expositionem
658 1499 870 1553 indicavit,
887 1499 1058 1557 ejusque
1072 1501 1202 1546 theo-

76 1575 140 1619 ria
179 1576 554 1635 praestantissimis
593 1580 874 1631 Pozcrcroyii
899 1584 941 1622 et
974 1581 1203 1622 Bertlzol-

76 1656 160 1702 leti
185 1658 375 1710 patris,
394 1653 828 1712 voperibus,maxime
857 1662 898 1698 et
929 1654 1145 1715 elaborata
1161 1663 1203 1702 et

76 1738 199 1776 aucta
233 1731 323 1774 suit.
385 1731 505 1788 Quae
549 1745 659 1774 nova
694 1730 1087 1790 phaenomenorum
1122 1748 1202 1777 ex-

75 1807 246 1869 plicatio
295 1808 355 1852 ita
395 1808 554 1867 placuit
595 1815 642 1852 ut
688 1807 842 1852 sensim
894 1808 951 1853 ab
1003 1809 1202 1856 omnibus

77 1885 262 1930 chemiac
292 1885 523 1930 cultoribus
548 1893 840 1945 usurparetur.

21 2004 29 2013 ,
81 2000 84 2003 .
128 1961 218 2006 Ver
243 1977 314 2005 um
353 1970 393 2006 et
431 1962 548 2006 illam
587 1961 660 2005 diu
690 1962 984 2008 auctoritatem
1039 1963 1202 2011 habere

72 2037 280 2083 theoriam
312 2052 399 2082 non
432 2039 617 2083 siverunt
654 2039 794 2101 eximii
822 2053 930 2097 quos
955 2040 1054 2085 fecit
1094 2041 1203 2086 che-

74 2115 184 2160 mica
209 2115 431 2175 disciplina
470 2129 747 2175 progressu53
772 2131 926 2161 novam
956 2110 1199 2164 haec'enim

74 2192 254 2238 formam
278 2193 438 2248 induit,
466 2200 692 2253 postquam
709 2193 1004 2239 celeberrimus
1030 2194 1200 2254 Anglo-

75 2282 169 2315 rum
184 2301 198 2325 ,
227 2268 294 2314 his
316 2269 426 2329 ipsis
462 2270 613 2317 diebus
638 2270 767 2317 eheu!
808 2270 1040 2332 disciplinis
1072 2287 1202 2333 erep-

339 2334 342 2337 ’
1102 2356 1197 2408 tus,
