1483 2860
276 265 346 304 134
494 248 1173 292 co'MMENTA'r'lo

278 391 303 412 „
320 361 658 406 testificationibus
692 360 897 401 ,benevolas
916 371 1024 398 aures
1061 358 1290 397 redditurum
1314 356 1400 395 esse

282 460 307 481 ‚,
321 432 510 481 ,ipsosque
537 442 584 472 ex
610 430 815 470 innumeris
840 430 1024 469 aerumnis
1038 429 1101 477 ‚in
1128 439 1227 476 quas:
1247 427 1405 471 effrena-

276 530 302 551 „
322 512 368 547 ιῑο
403 503 439 540 A
456 500 603 540 lbani
632 499 791 549 imperio
833 511 874 538 ac
903 499 1055 539 minime
1084 497 1236 537 ferenda
1262 498 1398 548 iniuria

279 599 304 620 „
330 570 503 610 submersi
519 579 622 612 erant
635 599 647 616 ‚
664 579 873 610 erecturum
887 570 983 616 esse.
1023 570 1174 610 Etenim
1189 569 1295 607 nullo
1303 567 1397 616 'pacc-

276 670 302 690 „
327 649 369 680 to
392 641 461 681 fibi
488 640 703 689 persuadere
724 640 910 689 possunt,
936 650 974 679 te
997 638 1280 686 voluisse,·ut‚
1307 638 1400 676 hos·-

276 738 302 760 „
328 711 377 750 tis
416 722 486 760 pro
514 711 625 758 cive,
664 710 788 749 omnia
818 711 903 760 jura
938 719 975 748 et
1011 708 1209 758 privilegia
1242 708 1400 747 violaret

277 781 558 830 „patriamque
596 779 722 821 misere
751 790 924 819 vastaret.
978 780 1133 830 Quare,
1167 789 1283 827 quum
1310 776 1396 816 satis

275 880 299 900 ‚,
327 851 511 900 superque
551 850 621 889 fibi
653 849 886 899 perspectum
915 850 1102 896 habeant,
1129 858 1166 886 te
1191 848 1396 886 lividorum

275 948 300 969 ‚‚
326 921 521 965 hominum
548 920 801 960 malivolentia
835 920 875 958 in
901 920 1099 969 perversas
1116 918 1320 967 opiniones*
1340 916 1398 954 ins-

276 1019 301 1039 „
327 992 482 1030 ductum
517 989 594 1028 esse
625 991 864 1038 animumque
899 999 1005 1028 tuum
1032 1000 1162 1027 eorum
1196 987 1399 1037 praestigiis

277 1090 303 1111 „
329 1070 365 1100 et
391 1061 488 1103 dolis
516 1073 536 1099 a
556 1061 704 1100 civibus
730 1060 807 1099 tuis
833 1061 1031 1099 alienatum
1055 1059 1159 1106 esse,
1176 1069 1299 1097 veram
1319 1067 1400 1096 ma-

277 1161 302 1181 „
328 1133 452 1176 lorum
477 1131 660 1179 originem
694 1131 766 1169 tibi
792 1132 973 1180 explicare
997 1130 1287 1170 constituerunt.
1347 1143 1349 1146 ⁴

328 1230 353 1249 „
379 1202 527 1246 Notum
564 1202 634 1250 tibi
666 1211 752 1249 est,
798 1213 961 1250 quonam
995 1203 1079 1252 jure
1107 1201 1266 1239 comites
1308 1198 1398 1238 olim

279 1299 303 1320 „
328 1272 497 1320 Belgium
533 1272 722 1319 regnarint
749 1281 785 1310 et
822 1272 1047 1320 quibusnam
1072 1271 1221 1321 juribus
1259 1280 1296 1308 et
1324 1271 1401 1318 pri-

276 1371 303 1393 „
328 1342 474 1390 vilegiis
513 1343 616 1380 cives
655 1341 727 1383 fint
764 1342 892 1390 gavifi.
963 1343 1095 1380 Donec
1136 1342 1226 1380 haec
1275 1341 1400 1379 omnia

269 1441 304 1463 .„
330 1414 576 1461 tenebantur,
610 1421 745 1455 mutuo
781 1411 992 1460 obsequio,
1031 1412 1175 1461 placida
1210 1422 1251 1449 ac
1300 1419 1399 1449 tran-

280 1512 305 1533 „
332 1484 447 1533 quilla
473 1482 548 1526 fuit
576 1483 802 1532 respublica.
858 1483 974 1532 Quod
1000 1494 1054 1520 exi
1071 1481 1236 1520 historia
1252 1483 1401 1520 abunde

279 1582 304 1604 „
330 1563 455 1603 patere
491 1562 632 1602 potest.
689 1554 890 1600 Bostquam
929 1563 1022 1590 vero
1054 1553 1322 1589 nonnullorum
1345 1551 1403 1590 in-

279 1653 305 1674 „
330 1624 430 1669 vidia
469 1622 749 1671 imperandique
776 1622 961 1671 cupiditas
989 1622 1156 1671 Belgium
1194 1620 1402 1670 supprime-

279 1723 304 1742 „
332 1707 370 1733 re
401 1694 695 1740 constituerant,
741 1692 877 1730 omnia-
908 1692 946 1730 in
990 1693 1107 1741 pejus
1133 1691 1229 1730 verti
1268 1703 1403 1740 coepe-

281 1794 306 1814 „
334 1773 436 1803 runt.
487 1764 601 1802 Tales
626 1763 663 1801 in
691 1763 821 1812 primis
849 1761 951 1802 fuere
974 1761 1237 1808 ecclefiastici‚
1254 1761 1406 1811 quire·

281 1863 305 1884 ,‚
330 1834 483 1882 ligionis
497 1834 639 1873 causam
666 1832 702 1871 se
730 1834 826 1871 tueri
848 1832 1061 1874 simulantes
1078 1860 1091 1880 ,
1117 1831 1398 1879 inquisitionem

281 1932 305 1953 „
332 1915 533 1952 novosque
561 1903 779 1951 Episcopos
816 1903 854 1940 in
881 1903 1048 1951 Belgium
1076 1902 1402 1951 induxerint‚,ina·

282 2003 306 2023 „
333 1985 510 2013 numeros
538 1973 641 2011 cives
662 1973 845 2012 criminati
867 1972 961 2020 sint,
986 1973 1233 2023 judicumque
1267 1984 1406 2019 munus

282 2072 307 2090 „
333 2044 402 2082 fibi
429 2043 654 2086 assumentes
669 2043 715 2082 de
737 2043 874 2083 civium
889 2042 966 2082 vita
989 2053 1024 2082 et
1048 2043 1160 2082 bonis
1183 2044 1331 2083 summa·
1347 2044 1405 2086 in-
1464 2050 1466 2054 '

285 2143 309 2163 „
331 2113 426 2164 juria
442 2114 637 2157 decernere
653 2113 727 2155 ausi
754 2113 840 2153 sint.
877 2114 983 2164 Quae
1008 2114 1134 2152 omnia
1160 2125 1404 2164 quumrepu—
1451 2143 1453 2146 ι

284 2213 308 2233 „
337 2183 453 2223 blicae
482 2183 588 2221 saluti
615 2183 766 2222 minime
786 2185 987 2222 convenire
1011 2184 1182 2222 viderent
1209 2186 1404 2234 Belgarum

283 2285 308 2305 „
334 2265 506 2309 proceres
555 2252 722 2302 aliique,
771 2263 908 2292 tantam
956 2254 1087 2304 agendi
1135 2254 1406 2303 perverfitatem

285 2347 314 2375 η
335 2325 403 2364 tibi
431 2323 625 2374 explanare
664 2326 920 2375 malorumque
957 2324 1176 2368 levationem
1208 2336 1227 2368 a
1266 2334 1303 2364 te
1338 2325 1406 2372 iin-

1288 2422 1314 2445 η
1339 2406 1404 2444 ΡΒ·
