1483 2860
57 322 277 392 curvaturae
305 326 572 367 conformatam
596 317 701 356 filum
733 310 969 354 extenditur,
995 304 1105 349 idque
1129 298 1172 336 fi-

56 401 137 443 lum
156 401 297 451 quippe
315 374 577 448 prolongutanr
592 399 658 438 per
681 385 722 424 A
729 383 759 423 C
783 381 846 421 seu
874 377 1015 424 radium
1048 360 1177 408 curva*-

62 483 168 515 turae
187 469 475 520 representatur,
487 472 566 500 turn
582 459 646 498 filo
659 466 780 503 usque
797 452 843 491 ad
856 450 886 488 B
898 442 1104 487 evolvendo
1119 439 1180 479 de-

63 542 242 582 scribitur
265 538 356 577 BD.
382 535 486 581 Hanc
506 531 554 569 ob
574 541 647 567 rem
671 536 787 566 curva
798 520 884 571 'ipsa
895 515 1104 568 appellatur
1127 510 1184 547 in-

64 612 195 652 voluta
205 609 266 649 vel
297 605 474 646 evolvens
500 593 846 647 (developpante);
885 596 1000 626 curva
1031 588 1152 620 autem
1169 604 1183 623 ,

70 693 165 732 quae
177 691 196 719 a
208 676 347 719 centris
357 673 486 714 circuli
507 667 728 709 osculatoris
742 660 999 704 conformatur
1013 681 1026 701 ,
1041 633 1192 689 evoluta

65 746 341 810 (developpee)
359 753 396 784 et
421 742 546 782 radius
571 744 789 777 curvaturae
812 728 936 768 radius
960 721 1149 762 evolutae.

121 823 311 862 Praeterea
344 814 537 863 sequitur,
572 808 601 847 fi
638 805 808 845 involuta
850 807 908 837 est
945 803 1060 833 curva
1097 789 1196 836 alge-

74 891 200 931 braica
223 889 385 934 ideoque
408 884 488 933 ejus
515 877 608 918 radii
632 881 877 915 curvaturae,
905 872 1067 915 quorum
1090 847 1202 897 diffe-

75 960 215 1000 rentiae
255 956 342 995 sunt
391 950 561 1001 aequales
597 945 757 986 arcubus
797 938 1030 979 evolutarum
1069 937 1207 967 conve·

78 1027 292 1074 nitentibus,
340 1034 408 1074 per
456 1016 682 1068 algebraicas
718 1010 901 1051 formulas
941 987 1206 1052 designantur,

81 1099 270 1138 evolutam
303 1092 380 1136 esse
416 1087 691 1129 rectificabilem
708 1111 723 1132 ,
762 1081 789 1120 i.
829 1091 865 1119 e.
899 1075 1034 1116 lineam
1072 1076 1209 1108 rectam

85 1166 241 1208 indicari
263 1162 372 1214 posse
386 1187 401 1209 ,
424 1161 487 1199 cui
512 1155 679 1206 aequalis
711 1152 757 1193 fit
778 1149 945 1190 evoluta.
996 1143 1104 1194 Quae
1123 1146 1211 1176 cum

88 1239 140 1280 ita
177 1236 276 1283 fint,
304 1239 406 1283 patet
431 1227 621 1267 infinitum
652 1222 730 1267 esse
760 1226 960 1260 curvarum
985 1218 1180 1253 numerum
1196 1232 1211 1253 ‚

88 1318 184 1364 quae
207 1300 402 1344 rectificari
424 1297 584 1350 possunt
612 1294 673 1345 1).

141 1375 305 1432 Quando
340 1381 479 1420 corpus
520 1363 706 1416 quoddam
750 1369 830 1399 non
866 1354 984 1395 libere
1018 1340 1215 1391 mevetur,

92 1449 156 1491 sed
183 1445 342 1494 cogitur,
367 1442 476 1489 supra
504 1438 626 1476 datam
657 1433 791 1471 lineam
815 1423 988 1471 moveri,
1013 1426 1221 1472 cognosca-

97 1527 162 1558 tur
190 1514 314 1555 radius
341 1516 562 1550 curvaturae
598 1499 745 1541 necesse
781 1505 852 1536 est.
910 1489 1081 1530 Directio
1116 1495 1221 1540 pres·

99 1586 215 1629 lionis
247 1581 418 1632 corporis
445 1585 503 1617 est
537 1574 676 1615 directa
703 1566 890 1608 contraria
916 1559 1096 1615 pofitioni
1131 1545 1224 1594 radii

103 1664 324 1701 curvaturae
341 1680 355 1701 ,
383 1660 497 1704 quare
523 1654 663 1693 corpus
683 1642 723 1679 in
745 1639 893 1678 alteram
921 1641 1057 1672 curvae
1081 1634 1225 1676 partem

96 1727 336 1788 ⁴productum
360 1716 553 1771 praebebit
575 1710 817 1753 directionem
849 1704 963 1754 hujus
991 1696 1224 1750 presfionis;

104 1812 141 1840 e.
163 1809 202 1848 g.
230 1797 258 1841 fi
275 1803 416 1842 corpus
441 1794 614 1827 movetur
648 1781 688 1821 in
722 1780 819 1818 linea
845 1781 972 1821 recta,
1000 1778 1057 1808 est
1083 1763 1226 1819 pressio

109 1868 213 1910 nulla
247 1865 293 1905 ab
318 1860 506 1901 infinitum
532 1854 676 1894 radium
701 1855 934 1888 curvaturae.
984 1834 1243 1887 Huigenius',

114 1937 182 1990 qui
219 1934 363 1986 primus
399 1926 604 1969 doctrinam
643 1915 871 1961 evolutionis
909 1908 1100 1956 excoluit,
1154 1904 1233 1961 pr}-

1151 1983 1237 2012 mus

156 2071 194 2108 ι)
212 2067 305 2098 Vidd.
327 2066 364 2094 de
386 2063 436 2092 La
465 2057 676 2094 Grange,1.
695 2054 719 2088 1.
746 2054 780 2082 Ρ.
807 2051 850 2080 ῙῙ.
880 2048 976 2083 Chap.
1007 2043 1064 2073 IV.
1091 2049 1123 2078 p.
1154 2040 1238 2072 206,

112 2125 301 2166 ¹523,LG
329 2119 485 2154 Croix,
511 2117 576 2145 1.1.
596 2114 622 2143 1.
656 2112 686 2149 §-
715 2111 792 2145 226,
819 2116 852 2144 p.
880 2107 937 2141 346
967 2109 1000 2132 et
1023 2101 1146 2130 Henn.
1174 2098 1234 2127 1.1.

124 2185 186 2231 Ill.
204 2184 235 2220 §.
259 2184 335 2217 128,
361 2187 395 2215 p.
424 2183 488 2206 110.
512 2172 572 2202 eff.
599 2170 777 2200 Newton.
806 2166 830 2194 1.
847 2165 871 2192 l.
899 2164 975 2197 Cap.
1002 2168 1050 2191 12.
1074 2155 1166 2195 prob.
1191 2160 1237 2184 ιο.

130 2248 162 2273 et
181 2240 229 2271 Le
241 2234 381 2268 ibuitr.
398 2235 422 2265 1.
441 2233 463 2265 Ι.
478 2231 537 2262 111.
561 2237 594 2265 p.
611 2236 679 2264 274·
695 2226 766 2255 Act.
783 2220 878 2254 ἰωὰ.
898 2218 986 2255 1⁶92·
