1483 2860
223 298 294 336 152
442 283 1108 329 COMMENTATlo

219 396 373 444 impedit
389 424 402 442 ‚
418 407 495 442 quo
509 396 630 433 minus
645 394 830 432 civitatem
847 393 999 431 evadere
1013 391 1059 430 iis
1071 391 1178 429 liceat
1195 390 1235 438 ‚fi
1256 402 1330 428 ma«

217 469 338 505 lorum
361 464 549 514 perpessio
559 464 840 502 commodorum
863 464 1027 511 pondere
1050 462 1209 510 amplius
1230 472 1334 498 com-

217 535 359 586 pensari
381 543 556 581 nequeat.
585 534 680 570 Nam
705 532 806 570 cives
821 531 855 569 se
874 533 980 570 nullo
997 539 1107 579 pacto
1130 528 1336 567 obstrinxe-

217 613 332 652 runt,
369 613 411 642 ut
444 604 489 641 ad
515 602 611 640 vitae
646 602 782 641 exitum
815 603 854 639 in
893 602 1042 639 civitate
1075 607 1331 645 remanerent3

215 674 277 713 secl
303 682 445 712 tantum
475 683 539 719 ut,
578 672 696 710 donec
731 672 768 709 in
809 670 962 709 civitate
988 679 1088 708 erant
1105 697 1118 717 ‚
1144 670 1225 719 jura
1251 668 1332 716 eius

214 753 328 792 atque
365 742 529 781 instituta
564 740 799 779 observarent
831 751 867 778 et
901 740 1200 788 exsequerentur.
1230 737 1333 788 Quid

213 812 329 861 igitur
349 812 388 851 G
403 824 425 850 u
443 813 453 849 1
470 812 534 849 iel
548 823 583 848 m
601 824 624 849 u
637 823 653 848 s
671 811 690 849 ⁶?
721 809 936 848 Hollandiae
959 820 995 847 et
1015 810 1230 847 Zeelandiae
1257 815 1333 845 erat

214 881 448 931 praepositus
483 893 619 928 easque
647 880 695 917 ita
732 880 933 928 gubernare
966 880 1002 917 in
1038 879 1072 917 se
1099 878 1330 926 susceperat,

213 961 256 991 ut
291 952 409 989 salvae
445 951 580 989 essent.
643 950 717 988 Hie
760 949 844 988 finis
882 957 985 995 erat,
1025 960 1134 996 quem
1171 948 1334 995 quisque

210 1021 396 1071 imperans
411 1022 478 1060 fibi
499 1031 584 1060 ante
596 1022 729 1058 oculos
754 1031 894 1069 ponere
910 1019 1018 1058 debet
1032 1027 1067 1056 et
1083 1030 1192 1071 quem
1221 1017 1329 1055 etiam

207 1092 245 1130 G
262 1104 285 1130 u
302 1093 315 1129 1
330 1091 342 1129 i
358 1094 401 1130 el
417 1104 449 1129 m
464 1103 488 1129 u
504 1103 523 1129 s
550 1090 693 1143 strenue
715 1090 1019 1139 persequebatur.
1049 1089 1196 1139 Quare,
1212 1099 1331 1135 quum

203 1162 348 1211 aliquid
378 1161 604 1210 reipublicae
637 1161 788 1209 prorsus
824 1159 1018 1199 exitiosum
1047 1171 1129 1198 eum
1166 1156 1334 1196 offende-

203 1241 287 1280 ret,
316 1233 387 1270 hoc
413 1232 590 1280 impedire
612 1241 648 1269 et
673 1242 913 1278 quocumque
938 1230 1061 1278 posset
1081 1230 1193 1267 modo
1223 1239 1327 1266 aver-

206 1310 283 1338 tere
317 1300 463 1339 debuit.
531 1300 600 1339 Uti
639 1302 823 1349 cujusque
862 1300 1076 1348 imperantis
1107 1309 1162 1338 est
1200 1308 1234 1336 et
1274 1299 1327 1335 ci-

205 1369 333 1409 vitatis
368 1379 404 1408 et
449 1369 678 1417 fingulorum
715 1369 852 1406 civium
877 1371 960 1418 jura
988 1368 1112 1414 tueri,
1141 1367 1190 1404 ita
1230 1378 1324 1414 quo-

209 1452 283 1488 que
309 1440 557 1479 Gulielmi
595 1449 697 1486 erat,
723 1451 807 1476 cum
833 1438 1056 1486 reipublicae
1090 1446 1169 1475 tum
1201 1437 1323 1485 priva-

206 1518 329 1547 torum
372 1509 564 1548 hominum
606 1510 688 1558 jura
739 1506 948 1553 defendere.
1016 1509 1155 1545 Verum
1203 1507 1322 1545 totius

203 1579 426 1628 reipublicae
475 1578 623 1616 salutem
669 1577 896 1625 fingulorum
933 1578 1118 1616 delideriis
1168 1587 1323 1626 antepo-

202 1649 358 1686 nendam
392 1647 496 1694 esse,
539 1647 702 1695 quisque
753 1648 863 1686 facile
901 1648 1090 1696 perspicit.
1155 1648 1319 1697 Itaque,

202 1720 266 1758 ubi
299 1719 436 1757 civium
474 1719 640 1756 actiones
677 1727 712 1756 et
741 1720 822 1768 jura
858 1731 943 1756 cum
980 1718 1206 1766 reipublicae
1235 1719 1321 1767 jure

200 1798 237 1826 et
278 1789 391 1827 salute
429 1787 630 1825 consistere
662 1789 758 1826 haud
799 1788 958 1838 amplius
997 1788 1188 1836 possunt,
1228 1789 1318 1826 boni

196 1859 411 1907 imperantis
451 1867 508 1896 est
543 1858 680 1896 civium
709 1859 857 1907 negotia
895 1861 1100 1906 paullulum
1139 1855 1318 1896 moderari

197 1938 234 1967 et
270 1929 316 1966 ad
350 1928 511 1966 civitatis
559 1928 668 1965 finem
707 1929 1000 1965 accommodare.
1067 1929 1196 1975 Atque
1243 1929 1315 1966 hoc

196 1999 493 2037 Gulielmus
519 1997 589 2034 rite
615 1996 788 2045 perfecit.
851 1998 998 2034 Etenim
1024 2009 1106 2034 cum
1134 1997 1317 2036 innumeri

195 2068 296 2109 cives
332 2078 415 2104 cum
445 2065 595 2104 familiis
620 2076 656 2104 et
687 2067 797 2104 bonis
825 2067 989 2104 miseram
1017 2068 1168 2114 patriam
1205 2070 1315 2107 relin-

196 2147 374 2185 querent,
402 2136 608 2184 respublica
634 2137 869 2174 vehementer
892 2136 1109 2175 labefactata
1136 2147 1171 2176 et
1198 2151 1313 2187 paene

192 2206 370 2244 dissoluta
407 2216 479 2243 est.
532 2206 657 2252 Nam,
696 2217 735 2245 ut
760 2207 829 2253 fit,
858 2208 921 2253 qui
961 2208 1101 2256 opibus
1142 2209 1334 2247 valebant:v

195 2287 236 2313 ac
259 2276 304 2312 de
329 2275 373 2313 iis
409 2273 555 2314 solliciti
589 2286 718 2322 eraut,
747 2278 900 2325 patriam
935 2286 1019 2315 ante
1057 2290 1185 2316 omnes
1211 2280 1311 2318 dese·

194 2346 350 2394 rebant,
401 2346 641 2396 pauperiores
677 2358 794 2395 vero,
834 2347 899 2395 qui
938 2346 1028 2387 nihil
1065 2348 1232 2388 amittere
1271 2358 1308 2394 et

1250 2429 1304 2457 m-
