1483 2860
226 194 278 231 90
458 181 1117 222 COMMENTATIO

227 303 425 339 procerum
459 293 602 330 animos
637 290 682 327 ab
726 290 893 328 Henrico
926 291 993 331 IV.
1022 291 1222 339 alienaret,
1251 291 1336 330 fibi-

229 372 302 408 que
325 373 453 399 ornnes
480 373 586 409 quam
615 360 772 402 maxime
814 361 1028 401 devinciret.
1080 361 1244 399 Primum
1286 363 1336 400 ita

229 431 268 468 in
293 431 479 478 concilio,
511 431 650 468 Romae
676 439 884 468 convocato
906 459 920 478 ,
943 429 1153 478 Gregorius
1178 439 1338 468 testatus

228 510 313 549 est,
337 501 372 538 se
405 500 611 539 discordiae
645 510 681 538 et
717 500 909 539 turbarum
942 509 1125 538 motarum
1147 507 1336 537 auctorem

227 581 308 609 non
337 570 471 616 fuisse,
498 569 571 607 imo
610 569 644 607 se
671 568 832 616 frustra,
859 570 1028 618 epistolis
1060 569 1206 617 missis,
1233 570 1338 607 Hen-

225 641 342 678 ricum
369 642 415 678 ad
443 641 629 678 meliorem
662 649 821 677 mentem
851 640 1029 678 adducere
1064 638 1226 677 voluisse
1251 639 1336 687 (1).

229 710 349 760 Quam
374 710 423 747 ob
451 721 525 747 rem
550 709 674 748 clerici
701 710 967 757 decreverunt,
994 707 1210 749 Curiensem
1225 708 1339 756 Epis-

228 793 366 830 copum
405 783 564 829 legatum
604 781 644 817 in
682 780 921 818 Germaniam
966 778 1043 817 esse
1086 779 1337 825 mittendum,

229 851 296 900 qui
315 852 544 889 decretorum
559 879 571 898 ,
598 850 636 888 in
647 850 810 887 concilio
835 849 1019 887 editorum
1037 876 1050 894 ‚
1077 856 1114 886 et
1127 859 1342 885 excommu-

228 921 428 960 nicationis
449 949 462 967 ,
482 922 553 968 jam
581 920 808 957 imminentis
823 948 835 965 ‚
851 919 1118 966 Imperatorem
1142 917 1340 956 certiorem

226 991 363 1031 faceret
378 1019 390 1038 ‚
407 1001 567 1037 eumque
590 988 779 1027 Simoniae
793 1000 895 1026 reum
911 988 1135 1033 declararet3
1163 985 1340 1033 quoniam

227 1072 419 1101 munerum
445 1059 784 1098 Ecclefiasticorum
800 1058 1122 1096 nundinandorum
1143 1056 1230 1105 jus,
1245 1055 1342 1094 invi-

225 1133 275 1171 tis
305 1133 422 1180 Papae
445 1129 603 1168 decretis
619 1157 631 1177 ‚
661 1129 840 1166 retinebat
867 1128 949 1177 (2).
979 1147 1034 1157 —
1058 1125 1246 1163 Henricus
1270 1126 1342 1164 IV.

228 1202 389 1252 primum
426 1199 602 1239 submisse
636 1210 720 1247 erga
757 1197 982 1245 Gregorium
1010 1196 1097 1234 VII.
1132 1195 1168 1234 se
1199 1195 1340 1244 gessit,

227 1283 384 1318 verum,
440 1269 596 1308 victoria
631 1270 676 1307 de
715 1267 864 1316 Imperii
904 1266 1080 1304 hostibus
1125 1266 1342 1313 reportat-51,

229 1342 391 1379 animum
421 1340 548 1386 auxit,
577 1348 612 1376 et
641 1339 686 1375 iis
704 1367 717 1384 ‚
746 1349 839 1385 quae
871 1345 975 1374 antea
999 1336 1246 1385 promiserat,
1274 1349 1345 1384 pu-

229 1412 327 1450 blice
357 1422 434 1449 non
470 1409 560 1447 stare
592 1409 698 1446 ausus
737 1416 809 1446 est.
861 1408 985 1454 Papa,
1022 1407 1067 1443 de
1098 1406 1168 1444 hac
1207 1406 1343 1455 injuria

227 1482 367 1520 frustra
399 1488 587 1527 questus,
613 1479 875 1526 Imperatorem
904 1488 970 1524 per
1004 1477 1146 1524 legatos
1183 1476 1341 1514 Romam

229 1552 357 1590 citavit
384 1549 530 1599 (1076)
567 1548 662 1598 (3),
692 1548 751 1584 sed
778 1547 836 1584 hic
853 1575 866 1594 ,
895 1546 1017 1584 animo
1054 1545 1213 1593 elatior,
1241 1547 1342 1584 haud

230 1622 305 1661 sme
337 1619 588 1668 asperioribus
616 1617 740 1655 verbis
776 1616 998 1665 legationem
1025 1618 1191 1664 papalem
1236 1617 1344 1654 dimi-

230 1692 274 1731 fit
306 1700 342 1729 et
364 1690 481 1729 statim
498 1717 510 1736 ‚
547 1687 688 1737 synodo
724 1686 954 1724 Wormatiae
979 1689 1186 1724 convocata
1205 1714 1218 1732 ‚
1247 1685 1344 1724 Gre-

232 1762 368 1812 gorio,
395 1760 571 1798 scelerum
614 1757 800 1795 variorum
843 1754 1039 1802 accusato,
1082 1755 1342 1804 pontificatum

735 1811 739 1814 .
1234 1827 1343 1864 abro-

274 1935 326 1971 (ι)
348 1933 416 1961 vid.
437 1930 630 1966 Gregorii
650 1929 809 1965 Epistolae
825 1946 834 1960 ‚
856 1925 911 1954 Lib
941 1927 971 1953 1„
995 1926 1083 1960 epist.
1107 1932 1134 1959 9.
1158 1931 1215 1958 11,
1237 1923 1323 1951 aliae.

275 1992 329 2028 (ς)
349 1991 422 2020 vid.
448 1992 634 2021 Venemn,
650 1988 736 2014 Hirr.
756 1983 889 2017 Eeclcs„
913 1983 1001 2011 Tom.
1016 1984 1058 2014 V,
1075 1990 1141 2017 pag.
1160 1983 1228 2011 618·
1248 1980 1342 2009 Conf-

238 2053 369 2079 Annae
397 2049 647 2078 Comnenae,
686 2041 855 2069 Alexiados
882 2039 913 2067 in
942 2047 1071 2074 corpore
1110 2040 1196 2067 Hisr.
1228 2038 1350 2073 Byzan-

241 2111 346 2143 tinus,
368 2106 435 2135 Lib.
460 2106 486 2133 1.
510 2111 576 2139 pag,
602 2109 647 2135 31.

278 2167 333 2204 (³)
365 2163 459 2193 Conf.
491 2160 705 2194 Gieseler‚
734 2158 756 2185 l.
776 2164 830 2191 c.‚
854 2155 894 2183 11.
920 2155 953 2183 B.
981 2154 1023 2182 Il.
1059 2153 1176 2187 Abm„
1197 2159 1265 2187 pag.
1296 2154 1351 2184 165

244 2220 442 2259 Gregorii
478 2218 607 2253 episiola
637 2216 672 2242 ad
713 2213 956 2246 Hernicum,
987 2210 1054 2239 Lib.
1086 2209 1138 2239 111.
1175 2209 1266 2244 epist.
1297 2215 1354 2242 105

244 2282 412 2315 Planck,
434 2280 455 2306 1.
479 2285 506 2304 c.
529 2276 582 2303 lv.
606 2275 630 2301 1.
656 2274 690 2300 Β.
715 2271 795 2305 Ab„
818 2269 936 2304 p.162.
