1524 2850
381 286 920 335 ORATIO.
1164 286 1219 333 15

62 404 357 485 'cognoscant
390 436 538 470 omnes
577 422 842 467 conditiones
858 454 870 477 ‚
923 422 1076 481 quibus
1116 437 1225 483 ope-

90 503 307 558 rationes,
339 509 411 547 aut
424 497 577 560 majori
603 514 700 545 cum
724 499 927 545 facilitate
952 500 1127 561 peragi,
1153 508 1227 546 aut

88 580 292 641 impediri
316 586 519 640 poterunt
533 611 545 633 ‚
568 591 762 636 quaeque
785 577 838 623 iis
862 586 1071 638 prosunt,
1090 593 1228 637 quae-

88 673 176 716 que
204 658 398 702 obstant.
461 655 529 700 Ita
565 655 795 700 historicos
839 655 1087 715 disciplinae
1116 657 1224 702 ade-

87 743 170 780 ant
207 736 373 789 fontes,
427 741 474 779 ut
508 733 610 778 inde
646 732 844 788 videant,
889 733 1108 791 quomodo
1146 733 1229 779 ista

88 812 261 873 negotia
301 812 391 872 jam
433 825 460 856 a
499 810 627 856 variis
667 810 840 871 populis
890 817 1069 871 peracta
1116 810 1229 867 sint,

88 897 136 937 et
187 889 407 948 quomodo
457 877 572 933 idem
623 888 728 933 illud
782 893 897 933 nunc
947 888 1194 934 obtineatur
1219 905 1231 934 :

93 980 308 1026 quaenam
341 965 499 1011 fuerint
526 965 788 1011 diversarum
814 965 1116 1011 methodorum
1144 966 1233 1012 sive

91 1044 324 1089 commoda
366 1043 454 1089 sive
509 1037 810 1099 incommoda3
871 1043 1092 1100 quomodo
1132 1043 1233 1103 'ipsa

97 1121 320 1181 disciplina
343 1119 585 1174 invaluerit,
612 1120 668 1163 ad
695 1127 886 1164 nostram
911 1120 1064 1166 harum
1090 1113 1234 1165 rerum

90 1199 385 1258 cognitionem
401 1230 414 1253 ‚
432 1195 772 1257 amplificandam
783 1229 795 1251 ,
810 1197 1044 1256 augendam
1059 1231 1071 1252 ,
1087 1212 1235 1243 emen-

94 1275 310 1332 dandam3
341 1274 562 1334 quomodo
596 1288 693 1319 cum
721 1282 845 1319 aucta
870 1275 1092 1334 disciplina
1106 1307 1118 1330 ‚
1148 1291 1237 1335 pa-

19 1348 24 1352 ’
91 1353 200 1399 riter
228 1361 377 1398 auctae
404 1352 488 1398 sint
516 1359 630 1397 artes
657 1359 786 1410 atque
813 1353 1078 1397 emendatae.
1118 1352 1236 1398 Haec

92 1430 240 1476 omnia
269 1430 453 1476 obtineri
492 1445 580 1475 non
610 1445 737 1491 posse
754 1462 766 1486 ‚
795 1430 885 1475 sine
922 1430 1122 1491 ampliori
1161 1439 1236 1476 to-

98 1509 182 1554 tius
216 1508 464 1568 disciplinae
490 1507 745 1554 tractatione
763 1540 776 1563 ‚
813 1508 936 1553 facile
977 1509 1231 1569 apparebit3

94 1585 230 1644 idque
260 1585 322 1629 ita
365 1586 539 1630 demum
578 1585 652 1630 fiat
669 1618 681 1640 ,
713 1586 749 1630 si
785 1586 1006 1631 universae
1043 1586 1237 1646 discipli-

92 1654 187 1709 ·nae
225 1662 436 1723 principia
482 1662 564 1708 sibi
605 1663 947 1722 comparaverint
984 1663 1055 1707 isti
1091 1663 1237 1707 homi-

91 1754 175 1786 nes
191 1771 205 1795 ‚
235 1747 278 1785 et
318 1739 472 1784 harum
509 1741 744 1800 perfectam
787 1740 1087 1798 acquisiverint
1119 1741 1238 1785 noti-

101 1817 203 1862 tiam
218 1849 231 1871 ,
262 1816 470 1875 simulque
494 1817 632 1876 magis
659 1817 914 1862 attenderint
943 1817 998 1862 ad
1026 1832 1101 1872 ea,
1129 1832 1238 1876 quae

94 1889 278 1939 firmiori
325 1908 435 1939 nexu
488 1906 587 1938 cum
638 1894 767 1939 rebus
781 1925 795 1949 ‚
850 1895 897 1940 in
951 1895 1107 1954 quibus
1153 1895 1237 1941 toti

32 2012 40 2021 .
92 1978 352 2027 wersan'tur,
381 1972 627 2031 junguntur.

100 2076 107 2083 -
152 2047 236 2094 :Sic
262 2049 390 2094 etiam
414 2049 649 2109 discipli-nis
679 2050 917 2096 tractandis
932 2083 945 2106 ‚
975 2051 1076 2095 talia
1115 2050 1238 2096 facile

96 2126 322 2173 instituent
349 2127 639 2186 experimenta
655 2159 667 2182 ‚
699 2128 881 2186 quibus,
912 2128 1238 2189 phaenomeno-

66 2241 69 2249 .
101 2215 200 2247 vum
240 2204 542 2263 superstructis
581 2205 776 2260 theoria,
808 2206 925 2251 haud
964 2222 1065 2251 raro
1095 2214 1137 2252 et
1161 2208 1237 2267 ip*-

101 2288 205 2326 2sae1
233 2279 483 2340 disciplinae
523 2290 673 2331 auctae
712 2283 884 2331 suerunt
919 2290 962 2330 et
997 2283 1121 2331 simul
1163 2283 1238 2327 in-

105 2372 107 2376 ·
1129 2372 1234 2408 ven-
