1560 2860
1192 203 1345 238 xxvu

279 312 368 358 Die
383 325 424 356 11
437 326 494 355 m.
508 311 641 363 Iulii,
656 307 850 361 Smowr,
865 306 1140 352 Constemus
1154 306 1348 351 KLINK-

239 402 436 443 HAMER‚
472 389 650 444 publice
686 391 953 444 propugnata
986 383 1266 443 disputatione
1295 383 1351 428 de

241 466 354 510 bello
401 471 579 524 propter
619 462 924 507 successionem
968 461 1086 520 regni
1135 459 1353 520 Hispanici

244 550 389 601 gesto,
419 555 525 601 pace
551 538 973 596 Rheno-Trajectina
1002 538 1264 597 composito,
1295 538 1354 582 ob

244 629 448 665 summam
477 617 696 662 doctrinae
735 615 1034 676 praestantiam
1071 629 1223 673 magna
1258 628 1353 659 cum

247 696 518 750 laude‚Juris
541 693 724 740 Romani
751 702 792 740 et
817 693 1021 739 Hodierni
1050 693 1216 738 Doctor
1238 706 1358 738 crea·

248 782 317 819 tus
336 781 418 819 est.

306 855 484 896 Eodem
527 854 601 895 die
628 850 770 903 idem,
807 850 994 906 publice
1049 846 1222 891 defenso
1251 846 1365 904 Que-

251 928 346 977 rolo
373 928 460 973 sive
482 927 696 972 Aulularia
734 925 883 970 incerti
923 923 1106 969 auctoris
1147 922 1367 968 comoedia

253 1011 426 1062 togata,
457 1004 514 1048 ob
575 1018 779 1048 summam
809 1003 1023 1047 doctrinae
1066 999 1370 1061 praestantiam

254 1096 409 1139 magna
438 1095 532 1125 cum
558 1080 704 1134 laude,
743 1079 854 1126 Phil.
889 1079 1045 1124 Theor.
1067 1080 1181 1136 Mag.
1208 1084 1249 1122 et
1269 1076 1369 1121 Litt.

256 1157 381 1203 Hum.
410 1156 576 1201 Doctor
606 1163 770 1201 creatus
801 1163 875 1200 est.

313 1236 404 1278 Die
430 1249 492 1277 111
515 1250 574 1278 m.
595 1235 720 1291 Jalii
734 1264 748 1286 ‚
774 1233 1087 1277 GUILIELMUS
1106 1244 1207 1276 vAN
1238 1231 1371 1275 LYN-

258 1326 358 1356 :oEN
371 1343 383 1365 ‚
388 1313 573 1368 publice
593 1310 765 1354 defenso
792 1308 1021 1369 specimine
1043 1308 1222 1366 juridico
1244 1307 1372 1352 inau-

257 1387 390 1447 gurali
435 1387 488 1432 de
526 1386 782 1446 praestando
820 1386 974 1430 damno
1015 1392 1056 1430 et
1085 1384 1286 1429 interesse
1322 1398 1373 1429 ex

262 1479 384 1509 mora
418 1463 622 1508 debitoris
640 1495 653 1517 ,
683 1464 741 1509 ob
770 1478 975 1508 summam
1001 1461 1216 1507 doctrinae
1241 1475 1376 1520 prae-

264 1541 461 1586 stantiam
488 1555 641 1599 magna
676 1555 771 1585 cum
797 1540 945 1593 laude,
970 1536 1098 1585 'Juris
1125 1538 1311 1584 Romani
1333 1545 1375 1583 et

264 1617 467 1663 Hodierni
501 1617 666 1662 Doctor
696 1625 860 1662 creatus
886 1624 961 1662 est.

322 1697 500 1738 Eodem
527 1698 627 1748 die,
645 1694 949 1739 FRAnc1scns
958 1727 971 1748 ,
996 1694 1345 1739 DESIDERATUS
1362 1724 1377 1748 ,

266 1771 457 1817 VICTOR
509 1771 786 1816 MONCHEUR
808 1802 821 1826 ‚
869 1773 1058 1828 publice
1106 1777 1379 1830 propugnata

269 1847 552 1907 disputatione
591 1848 769 1906 juridica
798 1849 1031 1907 inaugurali
1061 1848 1115 1893 de
1145 1848 1212 1893 his
1226 1880 1239 1902 ,
1270 1862 1381 1906 quae

268 1925 314 1969 in
348 1925 440 1983 jure
478 1933 576 1971 sunt
601 1925 761 1971 inutilia
781 1957 795 1981 ,
837 1927 895 1971 ob
929 1942 1135 1971 summam
1164 1926 1382 1971 doctrinae

266 2002 568 2062 praestantiam
609 2017 764 2062 magna
806 2017 899 2048 cum
934 2004 1057 2048 laude
1070 2034 1084 2058 ,
1126 2003 1243 2048 Juris
1282 2003 1381 2048 Ro·-

266 2080 380 2126 mani
412 2087 452 2125 et
490 2080 694 2125 Hodierni
719 2081 884 2126 Doctor
914 2088 1080 2126 creatus
1105 2087 1181 2126 est.
1237 2098 1243 2107 ¹

321 2159 417 2201 Die
463 2173 519 2204 w
551 2160 706 2217 Juliss,
750 2158 927 2203 JUSTUS
967 2159 1088 2212 Vos,
1153 2158 1382 2215 privatim

272 2233 444 2282 defenso
485 2235 713 2295 specimine
747 2234 927 2296 juridico
947 2234 1183 2295 inaugurali
1209 2235 1381 2282 sistente

1294 2311 1381 2356 ob-
