1483 2860
459 505 852 546 PARSI.

613 686 692 714 DE

182 847 541 893 THEORIA
603 847 1133 893 TANGENTIUM.

434 1038 882 1052 —DWv-

149 1321 334 1398 Quando
360 1357 492 1385 curvas
519 1344 695 1393 fimplicis
729 1352 975 1392 curvaturae,
1007 1355 1102 1392 quae
1139 1345 1221 1382 vul-

100 1426 148 1464 go
181 1428 316 1454 curvae
350 1416 526 1454 dicuntur
542 1443 556 1463 ,
582 1413 856 1453 confideramus
875 1443 888 1462 ‚
915 1412 1028 1452 nobis
1052 1413 1220 1452 luculen-

100 1494 157 1524 ter
188 1495 314 1533 patet3
344 1497 403 1524 eas
429 1498 557 1524 omnes
585 1498 650 1535 per
678 1486 916 1534 aequationes
953 1484 1109 1533 exprimi
1127 1495 1222 1536 *pos-

99 1555 160 1603 se,
189 1567 282 1603 quae
305 1555 502 1594 relationes
535 1555 694 1594 diversas
726 1556 1030 1595 coordinatarum
1064 1554 1161 1593 inter
1187 1553 1221 1592 se

99 1625 288 1673 indicant,
317 1634 353 1663 et
381 1626 419 1664 in
443 1625 583 1674 quibus
610 1626 811 1666 nonnullae
836 1624 1044 1665 constantes
1067 1624 1222 1662 arbitra-

99 1695 197 1742 tiae,
235 1696 375 1743 quibus
407 1705 444 1734 et
475 1696 612 1745 pofitio
642 1704 678 1733 et
715 1695 853 1744 species
886 1707 1020 1733 curvae
1052 1694 1224 1732 determi-

99 1774 264 1813 uantur,
291 1765 453 1814 adsunt3
497 1765 524 1803 fi
562 1775 684 1805 autem
715 1766 782 1805 hae
808 1776 1002 1804 curvarum
1036 1763 1226 1811 aequatio·

100 1847 166 1875 nes
195 1836 241 1875 ad
269 1835 414 1876 easdem
455 1835 753 1875 coordinatarum
786 1846 871 1874 axes
898 1833 1114 1881 sumantur,
1142 1834 1228 1872 has·

98 1918 142 1945 ce
166 1905 309 1953 lineas,
344 1905 413 1943 nifi
450 1905 600 1943 eandem
636 1903 893 1952 aequationem
931 1904 1116 1951 habeant,
1152 1902 1224 1942 sese

99 1987 178 2016 uno
215 1975 441 2025 pluribusve
480 1975 632 2023 punctis
673 1973 790 2013 secare
840 1973 977 2022 posse,
1031 1974 1070 2012 in
1104 1985 1224 2021 eoque

99 2054 266 2095 puncto,
294 2055 370 2093 quo
396 2043 469 2082 sese
503 2043 626 2082 secant
656 2045 774 2084 hocce
803 2053 996 2084 momento
1021 2045 1221 2084 coordina-

101 2125 159 2155 tae
209 2115 306 2156 inter
358 2115 395 2153 se
431 2116 601 2163 aequales
646 2113 718 2154 fint
736 2142 750 2162 ‚
801 2113 948 2155 necesse
998 2114 1088 2154 esse.
1168 2112 1225 2155 Ut

100 2188 193 2227 hanc
224 2197 299 2224 rem
335 2184 480 2224 ratione
516 2184 675 2233 generali
703 2184 1001 2234 confideremus,
1039 2195 1225 2234 ponamus

102 2257 137 2297 F
158 2257 207 2306 (x
224 2285 237 2306 ‚
251 2257 296 2307 y)
311 2269 363 2296 =
378 2270 427 2305 o,
455 2257 514 2296 vel
534 2268 557 2306 y
573 2255 739 2305 =f(x)
762 2255 1021 2305 aequationem
1043 2255 1120 2294 esse
1142 2266 1228 2294 cur-

1156 2335 1226 2363 vae
