1483 2860
255 219 280 256 d
480 215 1152 256 COMMENTATIO

252 324 444 374 imperium
456 326 590 373 cupide
614 333 819 372 appeteret.
850 323 922 362 Sed
947 333 1048 372 patre
1073 321 1266 372 prudentia
1286 323 1369 360 lon·

252 406 297 443 ge
329 395 476 441 minor,
504 395 698 432 atrocitate
716 405 804 431 vero
819 395 935 443 major
952 421 964 440 ,
989 393 1093 440 quod
1118 393 1203 440 ille,
1227 392 1370 431 callidis

251 472 362 501 utens
390 463 622 510 rationibus,
658 463 847 510 paullatim
873 463 1016 510 assequi
1054 462 1228 508 studuit,
1265 462 1371 500 brevi

252 542 422 583 ternpore
437 562 449 580 ,
465 543 704 580 quocumque
722 533 868 572 tandem
890 532 1014 581 posset¹
1030 534 1141 571 modo
1159 561 1172 580 ,
1185 532 1258 570 sibi
1270 544 1375 570 com-2

252 614 380 652 parare
397 603 536 641 voluit.
566 602 655 652 Quo
670 600 809 639 factum
824 610 881 640 est
897 631 910 649 ,
924 611 966 640 ut
991 603 1183 649 Belgarum
1208 614 1371 640 amorem

250 673 432 710 continuo
456 672 493 710 in
530 672 657 709 odium
686 681 934 710 converteret.
973 673 1104 710 Parum
1129 673 1260 721 Belgas
1285 684 1374 721 cog-

251 751 435 790 noverat,
476 750 699 780 mercaturae
731 741 905 790 deditos,
943 741 1126 780 libertatis
1155 742 1274 781 studio
1309 743 1376 781 fla·

254 822 430 861 grantes,
469 813 609 862 virtute
656 813 842 859 pollentes
862 840 877 856 ‚
925 811 1182 852 contractibus
1223 811 1375 859 quidem

254 882 411 926 firmiter
445 881 704 931 inhaerenteS,
749 881 789 919 in
821 889 1021 929 tyrannum
1056 893 1148 921 vero
1182 882 1385 930 ,impetuo-

254 949 345 998 so's,
383 950 605 999 pertinaces.
658 951 791 989 Parum
834 962 964 992 eorum
1003 951 1149 990 animos
1184 952 1380 1001 perspexeq

257 1030 343 1068 rat,
370 1022 473 1060 nulla
507 1021 545 1060 vi
583 1021 837 1068 coercendos,
873 1020 1138 1070 cogitandique
1171 1022 1381 1063 libertatem

262 1100 351 1135 ante
384 1090 508 1131 omnia
533 1091 601 1130 fibi
628 1090 874 1129 vindicantes.
929 1091 1057 1140 Quum
1082 1091 1222 1140 igitur,
1249 1092 1383 1132 animis

260 1161 378 1216 patris
425 1159 582 1201 decretis
623 1161 845 1210 exasperatis
890 1160 990 1209 quafi
1033 1161 1184 1200 vincula
1231 1162 1384 1212 inJicero

260 1239 485 1277 conaretur,
531 1229 771 1278 sacramque,
820 1231 852 1268 si
878 1231 948 1271 Dis
982 1233 1128 1280 placet,
1167 1233 1384 1281 Inquisitio-

262 1311 346 1339 nem
365 1329 379 1348 ,
418 1311 526 1348 quam
564 1301 721 1339 nef-anda
748 1301 911 1350 injuria,
948 1300 1025 1339 dira
1057 1302 1212 1350 caedeS,
1239 1303 1387 1342 inaudi!

261 1379 376 1418 taque
415 1371 614 1409 crudelitas
641 1371 944 1419 comitabantur,
986 1371 1025 1408 in
1054 1372 1222 1421 Belgium
1250 1371 1390 1411 immit-

264 1448 386 1487 teret,
415 1439 495 1478 fieri
521 1450 599 1478 non
625 1441 782 1489 potuit,
812 1441 904 1490 quin
935 1441 1101 1480 omnium
1138 1443 1284 1481 animos
1309 1456 1329 1481 a
1351 1443 1386 1481 se

270 1519 465 1551 averteret.
491 1509 622 1557 Itaque
647 1511 780 1559 Belgae
796 1510 974 1558 precibus
997 1511 1158 1560 primum
1174 1540 1186 1558 ,
1215 1513 1389 1561 deinceps

267 1580 378 1619 minis
394 1608 407 1627 ,
466 1580 613 1618 tandem
666 1592 852 1619 armorum
906 1581 945 1618 vi
993 1581 1258 1620 intolerandam
1306 1593 1392 1620 cru·

268 1650 456 1688 deliratem
507 1650 789 1706 imperandique
827 1651 1019 1689 libidinem
1069 1653 1246 1700 repellere
1278 1663 1394 1692 cona-2

269 1721 298 1763 ti
321 1719 420 1766 sunt.
1384 1728 1385 1731 ’

757 1862 807 1907 ς.
851 1862 901 1903 ας

325 1983 532 2029 Postquam
564 1992 716 2029 regnum
733 1983 771 2019 in
790 1981 827 2021 se
849 1983 1056 2032 susceperat
1079 1985 1104 2024 P
1122 1985 1146 2023 h
1159 1984 1396 2035 ilippu1s4

275 2051 654 2106 Emmanuelem
682 2052 1066 2102 philibertum,
1095 2055 1226 2101 ducem
1255 2056 1397 2096 Sabau„

275 2121 357 2174 diae
370 2149 383 2167 .,
410 2120 603 2171 Belgarum
645 2132 830 2161 rectorum
860 2124 1012 2162 creavit.

328 2189 472 2232 Deinde
488 2181 725 2239 undeviginti*
743 2192 935 2241 Belgarum
953 2207 1127 2243 proceres
1143 2224 1157 2245 ‚
1191 2197 1288 2236 inter
1308 2209 1406 2245 quos

283 2262 386 2301 erant.
429 2253 732 2301 Guilelmus
755 2285 769 2306 ,
822 2256 1038 2298 Hornan
1056 2271 1109 2306 us
1135 2288 1150 2310 ,
1197 2262 1413 2316 Aersco·

1297 2340 1312 2369 t
1325 2343 1336 2368 1
1349 2343 1374 2370 u
1392 2342 1414 2373 S
