1560 2860
459 271 846 318 ORATIJO.
1145 279 1205 323 29

99 413 231 468 cum}
274 412 388 470 quod
428 413 549 470 vulgo
585 420 780 467 vocatur,
822 422 1110 472 argumentum
1136 415 1208 460 in-

103 493 227 551 genio
279 490 536 551 philosopho
585 504 671 534 non
732 491 922 536 sufficere
991 493 1210 548 affirmat,

102 573 293 628 dignum
329 575 470 612 tamen
511 570 564 611 id
604 584 699 610 esse
733 568 975 626 profitetur,
1018 574 1141 627 quod
1165 575 1213 614 in

104 649 460 703 uniuscujusque
497 647 710 687 noticiam
741 650 1044 701 perferatur,
1076 655 1214 704 atque

101 719 176 767 ἀεί’
179 739 439 780 puerorum
468 724 608 764 etiam
636 724 966 764 institutionem
993 725 1216 767 adhibea-

105 804 198 844 t'ar.
239 799 348 856 (26)
375 829 430 837 —
468 798 565 842 Non
612 798 743 842 multo
783 797 946 843 minore
984 801 1216 845 sententia-

104 893 196 922 rum
237 875 534 928 consensione,
589 889 639 919 ex
691 875 950 935 μικροκόσ-μῳ
998 876 1100 931 illo,
1143 879 1217 935 qui

104 958 254 998 animo
281 960 428 996 nostro
461 951 726 1005 continetur,
755 967 940 996 summae
969 953 1122 998 Mentis
1147 955 1216 999 vi-

106 1039 192 1075 tam
233 1031 462 1075 elucescere
500 1027 693 1072 viderunt
737 1027 958 1087 Sapientes
997 1033 1218 1076 assevera-

104 1114 297 1163 runtque.
358 1105 449 1151 Ubi
476 1105 612 1148 denuo
629 1137 640 1157 ‚
674 1105 789 1148 haud
815 1120 915 1149 raro
942 1107 1146 1164 majorem
1170 1109 1216 1152 in

103 1184 227 1229 Viros
262 1180 648 1242 perspicacissimos
688 1180 771 1225 vim
814 1181 1012 1226 habuisse
1052 1184 1216 1242 pectori

103 1259 272 1304 insitum
313 1258 400 1304 veri
433 1272 599 1302 sensum
615 1290 627 1311 ‚
657 1273 783 1314 quam
819 1258 1074 1318 peculiarem
1107 1261 1218 1306 doc-

107 1337 265 1390 trinae,
311 1350 419 1393 quae
458 1334 608 1392 cuique
647 1334 824 1394 propria
865 1342 980 1390 erat,
1009 1336 1217 1384 rationem

104 1415 393 1471 formamque3
436 1412 665 1456 admodum
701 1411 806 1456 mihi
844 1414 1116 1459 memorabile
1147 1415 1218 1460 vi-

105 1493 240 1537 detur.
300 1489 454 1548 Quod,
488 1503 573 1532 uno
616 1496 728 1533 certe
768 1504 817 1533 ex
852 1489 989 1534 multis
1030 1491 1218 1537 adducto

106 1566 320 1626 exemplo,
357 1565 563 1609 illustrare
598 1565 723 1622 juvat.
785 1564 965 1610 Novistis
999 1565 1217 1612 Frede-

105 1644 285 1689 ricum
327 1640 632 1685 Henricum
672 1640 973 1685 Jacobium
1015 1642 1221 1700 gravissi-

106 1721 186 1766 mis
217 1717 428 1778 religionis
467 1715 669 1760 doctrinis
702 1715 785 1760 hoc
823 1716 1022 1775 praesidii
1048 1719 1219 1775 quaesi·-

106 1797 241 1850 visse,
273 1802 320 1840 ut
356 1795 407 1838 de
433 1792 486 1836 iis
531 1791 694 1849 ἀμέσως
737 1792 860 1837 nobis
897 1801 1091 1853 constare
1126 1803 1219 1840 sta-

107 1880 268 1926 tueret,
316 1886 395 1931 per
442 1868 548 1922 Dei,
601 1867 673 1925 qui
709 1883 827 1912 suam
864 1869 956 1928 ipse
995 1870 1218 1929 imaginem

109 1948 257 1993 animis
309 1945 465 1990 nostris
522 1944 813 2004 impresserit,
877 1945 1216 2005 patefactionem.

110 2022 222 2077 Sed,
278 2010 398 2067 ecce!
456 2022 568 2066 idem
605 2020 681 2065 Vir
720 2021 908 2080 optimus
942 2022 1118 2067 subinde
1163 2022 1220 2067 ad

109 2101 251 2142 vitam
276 2105 463 2142 nostram
489 2096 736 2156 provocavit
762 2100 1037 2141 rationalem
1065 2106 1106 2143 et
1117 2116 1216 2142 mo-

112 2177 283 2227 talem,
332 2181 385 2218 ut⁴
420 2172 624 2217 infinitam
673 2187 761 2217 esse
788 2171 1012 2218 Rationem
1050 2175 1218 2229 Deum,

109 2249 152 2293 in
179 2263 262 2306 quo
287 2257 429 2294 nostra
466 2249 535 2293 illa
571 2248 655 2293 vita
697 2248 920 2304 fundetur,
951 2250 1219 2296 demonstra-e

111 2331 187 2368 ret.
222 2324 329 2383 (27)
375 2325 503 2381 Quod
547 2340 640 2371 eum
686 2323 856 2379 fecisse,
900 2340 986 2370 uon
1030 2327 1216 2377 favente,

99 2406 121 2413 ⁰
219 2407 223 2412 '
1138 2401 1211 2446 sed
