1483 2860
225 230 276 272 54
443 221 1107 265 COMMEN‘TAT‘FO

221 328 369 368 clericis
394 330 643 378 vituperaret,
670 341 706 369 et
737 333 926 378 quomodo
948 330 1058 370 factis
1081 331 1212 380 leges,
1238 340 1331 379 quaa

227 401 548 449 promulgaverat,
575 399 766 438 observare
785 400 956 440 studeret.
1074 404 1076 406 ’

280 469 489 508 Normanni
525 469 648 517 enim,
689 471 728 508 in
763 471 902 509 Italiam
934 470 1058 510 sensim
1094 470 1335 519 procedentes

229 547 268 579 et
294 540 338 577 ad
371 539 550 577 ditionem
582 541 697 588 Papae
729 540 874 579 civilem
905 542 1142 588 accedentes,
1167 540 1207 578 in
1227 540 1336 588 Apu-

228 608 315 653 liam
338 607 515 658 impetum
553 609 736 649 fecerunt.
778 611 859 648 Leo
893 621 1014 650 autem
1043 610 1339 648 excommunica-

231 679 371 727 tionis,
409 681 647 719 anathematis
681 692 722 719 ac
750 681 934 718 interdicti
974 679 1128 719 fulmina
1162 678 1333 719 adversus

230 749 303 788 hos
336 749 512 789 barbaros
552 750 654 789 irrita
673 751 802 790 videns
822 778 834 797 ‚
863 750 990 799 copias
1008 752 1054 789 ab
1078 750 1243 788 Henrico
1265 749 1336 788 111.

230 819 468 868 efflagitavit,
496 820 633 869 quibus
665 821 892 869 impetratis,
930 821 1176 869 expeditionis
1211 820 1342 869 *qu'us-

232 889 314 927 dam
340 888 456 929 sacrae
473 891 600 928 ducem
626 889 662 928 se
685 890 877 939 praebuit,
903 901 1041 937 atque,
1058 891 1097 928 in
1119 891 1237 938 prima
1262 889 1340 927 acie

229 959 404 1007 versans,
442 961 622 998 continuo
659 959 831 998 adversus
880 960 1025 997 hostem
1067 970 1196 1008 agmen
1234 958 1344 997 duxit

231 1028 406 1079 (1053);
460 1029 521 1068 sed
556 1030 840 1078 haudquaquam
877 1029 977 1067 felici
1008 1027 1204 1077 successu,
1255 1040 1341 1067 nam

229 1101 370 1148 praelio
408 1112 492 1138 cum
529 1100 757 1139 Normannis
797 1112 914 1147 prope
955 1100 1206 1139 Beneventum
1241 1111 1346 1138 com-

232 1169 373 1217 misso,
411 1170 635 1220 profligatus
671 1180 726 1208 est
764 1171 881 1218 Papae
914 1170 1129 1216 exercitus,
1168 1178 1232 1215 et,
1270 1167 1346 1218 ipse

228 1240 390 1290 primurn
417 1249 575 1290 captus,
604 1242 785 1279 victorum
811 1240 1025 1278 clementiae
1054 1251 1094 1278 ac
1120 1238 1348 1288 superstitio·

229 1309 272 1351 ni
301 1310 454 1350 salutem
484 1305 770 1359 libertatemque
804 1310 931 1348 debuit
957 1310 1040 1358 (ι).

283 1381 363 1420 Sub
400 1382 472 1420 hoc
509 1381 618 1420 etiam
656 1381 756 1429 Papa
788 1392 954 1430 magnam
983 1381 1146 1424 cladem,
1195 1379 1242 1417 de
1272 1381 1348 1427 qua

227 1450 475 1500 iam'egimus
500 1453 598 1500 (2),
637 1450 748 1489 subiit
786 1451 1015 1497 hierarchia,
1054 1461 1200 1498 quum,
1237 1446 1352 1487 schis-

226 1529 323 1559 mate
354 1520 534 1559 Graecam
570 1521 668 1559 inter
708 1531 743 1558 et
782 1521 951 1565 Latinam
991 1520 1189 1558 Ecclefiam
1228 1528 1339 1566 orto,

229 1598 341 1626 omne
370 1589 561 1633 vinculum
585 1601 605 1627 a
631 1590 816 1627 Michaele
856 1589 1095 1635 Caerulum,
1136 1587 1345 1626 Patriarcha

230 1657 675 1707 Constantinopolitano,
699 1659 1136 1708 distraheretur(1053).
1163 1658 1245 1696 Leo
1267 1658 1347 1706 IX,

229 1728 370 1766 infelici
412 1730 483 1767 hoc
520 1729 852 1774 controvetfiarum
894 1741 913 1766 a
958 1727 993 1765 se
1027 1735 1208 1765 motarum
1244 1727 1348 1767 exitu

230 1801 398 1838 nondum
432 1799 662 1847 deterritus,
701 1809 882 1836 novarum
914 1783 1111 1836 cumaliis
1143 1797 1352 1841 altercatio-

232 1879 322 1907 num
356 1878 490 1908 auctor
520 1867 594 1908 fuit
615 1897 629 1916 ‚
666 1870 810 1907 decreta
840 1869 884 1906 de
905 1867 1269 1917 praedestinatione,
1306 1867 1354 1906 de

1272 1947 1354 1986 gra-

269 2058 326 2095 (ι)
342 2058 393 2087 Sic
419 2057 684 2091 Llorentius‚
710 2056 872 2086 Por-eruin·
896 2054 945 2081 des
973 2054 1093 2089 Papus,
1117 2054 1208 2082 Tum.
1231 2053 1254 2081 1.
1276 2059 1347 2088 pag.

231 2120 300 2147 231.
341 2113 560 2142 Planckius
597 2120 672 2141 vero
704 2111 792 2140 aliter
824 2118 887 2139 rem
917 2109 1103 2145 proposuit,
1131 2110 1154 2138 1.
1182 2117 1211 2138 c.
1242 2109 1353 2140 1v.,B.

231 2169 261 2199 1.
282 2168 413 2198 Absclm.
437 2177 504 2205 pagi
527 2172 561 2199 61
588 2176 619 2196 et
636 2171 687 2198 62.

269 2226 329 2263 ζα)
347 2226 440 2257 conr.
469 2225 560 2259 hujus
588 2223 885 2257 Commentationis.
907 2225 987 2252 Part.
1010 2223 1037 2253 1.
1057 2223 1133 2259 Cap.
1157 2224 1182 2252 1.
1204 2222 1235 2261 5,
1257 2223 1293 2257 ῑς.
1319 2228 1349 2251 et

234 2282 432 2318 Iheiner,
450 2285 469 2314 l.
489 2291 518 2312 c.
541 2282 581 2312 u.
608 2281 693 2316 8.,1.
717 2281 810 2312 Abth.
835 2289 901 2315 pag.
925 2288 957 2314 35
985 2281 1067 2316 seqq.
