1560 2860
477 284 873 330 ORATIO.
1179 287 1232 331 51

118 425 171 469 tis
192 424 458 470 laudabiliter
483 424 722 484 adscriptus
743 441 765 477 ,¹
786 424 829 466 id
856 423 1033 482 agebat,
1063 424 1110 467 ut
1130 433 1249 483 pro-i

117 503 284 562 pediem
302 535 314 557 ,
349 517 474 560 quam
507 503 642 545 fluxae
667 500 750 545 sint
781 514 831 543 ac
859 499 1028 557 fragiles
1053 507 1125 543 ‘res
1152 500 1242 544 110--7

118 578 275 623 minum
305 578 551 632 universae,
581 577 784 636 populum
831 575 1115 620 Christianum
1153 576 1239 620 do-

117 663 244 701 ceret.
276 655 362 700 Sed
379 687 391 708 ‚
418 655 528 699 tristi
557 654 620 699 sui
642 654 784 698 obitfis
807 654 1129 712 exemplo‚.nos
1153 653 1241 697 do-

118 733 202 777 cuit
241 740 443 789 uterque,
474 731 649 776 caeteris
680 730 917 774 mortalium
944 730 1071 774 rebus
1095 730 1238 775 incer-

118 809 175 853 tis
217 809 473 853 stabiliorem
518 823 603 852 non
637 823 726 852 esse
756 806 1090 851 necfirmiorem
1119 816 1239 853 aeta-

118 887 174 930 tis
206 888 377 949 florem,
409 893 481 930 aut
517 885 666 930 virium
698 883 935 944 juvenilium
965 885 1120 929 robur!

182 1040 308 1084 Plura
339 1039 423 1097 jam
465 1040 610 1082 funera
633 1038 828 1082 luximus!
861 1039 949 1083 Nec
975 1038 1074 1083 dum
1096 1046 1238 1085 tamen

120 1115 391 1172 justissimum
417 1116 555 1158 Tuum
589 1115 778 1159 dolorem
802 1116 1236 1171 commemoravimus,

122 1192 351 1236 clarissime
396 1191 701 1235 Aru-tzeni!
746 1192 819 1248 qui
864 1193 1072 1237 flebilibus
1104 1208 1240 1253 nuper

120 1268 324 1325 exsequiis
354 1268 583 1326 Conjugem
613 1268 813 1322 extulisti,
847 1269 910 1312 Te
928 1268 1238 1327 dignissimam,

119 1360 251 1403 quae,
266 1360 342 1404 per
368 1347 593 1389 multorum
618 1360 823 1390 annorum
850 1345 1029 1405 spatium
1047 1378 1060 1400 ‚
1077 1346 1239 1392 dulcis-

119 1423 225 1467 sima
251 1422 351 1467 Tibi
378 1423 515 1466 fuerat
546 1423 680 1476 vitae,
710 1423 753 1466 in
784 1424 961 1480 utraque
988 1425 1129 1478 sorte',
1160 1437 1239 1468 so-

118 1500 185 1544 cia
202 1532 214 1554 ,
253 1512 364 1557 quae
408 1499 549 1544 liberis
590 1499 693 1544 Tuis
728 1507 864 1545 mater
905 1507 994 1545 erat
1033 1500 1240 1545 amantis-

121 1577 254 1631 sima,
295 1577 550 1634 eademque,
593 1577 629 1620 si
660 1576 744 1620 hoc
777 1576 933 1621 addere
968 1577 1093 1630 licet,
1128 1591 1238 1621 uxo-

119 1655 236 1699 ribus
273 1653 427 1698 nostris
472 1652 604 1697 amica
653 1653 936 1699 dilectissima.
971 1677 1024 1688 --
1073 1654 1131 1698 Et
1159 1668 1238 1699 ve-

116 1741 172 1776 Το
194 1732 334 1776 Tuum
369 1730 492 1774 etiam
533 1731 712 1785 luctum,
744 1731 1021 1776 eruditissime
1045 1731 1084 1775 N
1098 1731 1122 1791 ij
1140 1731 1239 1776 ho-

121 1809 208 1853 vi!
241 1810 294 1852 ad
337 1823 415 1852 nos
433 1808 643 1867 pertinere
675 1808 910 1853 censuimus
938 1822 1239 1866 censemusque

120 1900 293 1942 omnes3
337 1900 431 1930 cum
465 1886 573 1930 Filio
608 1886 785 1930 orbatus
816 1886 902 1940 sis,
941 1885 1239 1946 praematura,

120 1971 168 2008 ut
211 1963 335 2009 nobis
382 1963 551 2021 quidem
601 1964 792 2017 videtur,
832 1962 969 2007 morte
1002 1961 1239 2014 exstincto,

48 2047 54 2055 “
123 2041 220 2099 qui,
250 2037 416 2099 juvenili
445 2048 605 2095 aetate,
638 2056 729 2085 eam
752 2041 837 2099 jam
861 2039 1110 2100 prodiderat
1136 2040 1242 2082 ani-

123 2121 188 2161 mi
210 2122 560 2176 fortitudinem,
593 2134 718 2176 quam
741 2117 1003 2177 egregiorum
1029 2131 1119 2161 esse
1132 2117 1242 2158 Me·-

123 2195 331 2238 dt‘coram
352 2228 364 2249 ‚
396 2209 474 2254 per
513 2195 730 2239 clarissimi
759 2194 789 2239 S
814 2210 841 2238 u
858 2209 964 2238 erm
981 2193 1111 2237 anni
1148 2193 1241 2237 elo-

127 2269 440 2326 quentissimam
458 2272 692 2317 orationem
720 2270 1101 2325 edocti,novimus.
1135 2267 1239 2329 (36)

122 2345 211 2393 Sed
243 2355 284 2392 et
322 2348 435 2402 Vos,
487 2350 578 2395 Viri
619 2345 876 2408 gravissimi!
927 2355 974 2393 et
1019 2352 1237 2397 caeteros,

654 2426 694 2471 D
726 2430 754 2470 2
1173 2421 1245 2479 qui
