1524 2850
0 2005 43 2122 ι

2 2134 12 2436 l

361 320 892 368 ORATIO.
1126 302 1225 366 37*

50 458 268 519 *temporis
306 457 519 517 cogitatio.
610 455 886 516 Amplissimo
939 453 1009 498 me
1062 452 1187 501 video

63 534 148 580 hoc
198 534 269 580 die
325 542 465 579 vestro
507 534 692 578 adscribi
734 532 895 578 ordini:
953 538 1049 575 ante
1103 529 1186 575 hos

48 618 202 656 nutem
256 611 401 655 decem
448 626 582 655 annos
620 610 812 670 plurimis
851 617 1034 655 vestrum
1070 607 1189 652 adfui

61 689 108 733 in
141 688 297 734 scholis
340 689 582 748 discipulus.
670 687 786 745 Quid
828 686 991 745 igitur?
1037 685 1188 730 Tantis

53 763 132 811 ¹mc
168 765 266 810 viris
311 769 536 822 collegam
586 764 831 823 adJunctum
884 778 974 808 esse
1028 762 1189 821 gloria-

61 841 179 888 bor?
225 842 317 886 imo
358 857 487 896 vero,
531 849 578 886 ut
626 845 885 898 discipulus
929 854 1186 899 agnoscam,

19 956 21 959 .
48 933 214 964 omnes
255 933 363 976 quos
404 919 573 963 fecerim
611 934 888 979 progressus,
920 932 992 963 eos
1015 933 1082 962 me
1107 917 1188 961 de-

63 996 167 1041 bere
203 995 324 1040 vobis
364 996 594 1054 vestrisque
641 995 997 1049 institutionibus,
1040 993 1187 1039 consi-

54 1072 159 1126 liis,
206 1072 497 1119 familiaritate.
573 1073 681 1117 Nam
721 1072 804 1116 hoc
847 1072 1028 1116 credatis
1066 1071 1190 1116 velim

69 1147 599 1208 ClarissimiHeringa‚
630 1149 872 1203 Heusdi,
904 1148 1189 1194 Bleuland

63 1226 300 1270 venerande
347 1240 499 1280 senex,
547 1226 619 1284 qui
660 1241 728 1270 me
770 1242 795 1271 a
835 1226 975 1285 prima
1011 1224 1188 1269 infantia

27 1317 232 1362 rsemper
281 1317 425 1347 amore
466 1317 510 1349 es
550 1310 825 1363 prosecutus:
887 1302 971 1347 hoc
1005 1302 1188 1346 credatis

63 1380 186 1425 velim
223 1380 286 1426 Cl.
321 1380 630 1436 Suermau,
666 1379 1103 1432 Wolterbeek‚
1146 1393 1185 1424 v.

51 1457 456 1513 Goudoever,
487 1457 750 1511 Simons,
781 1464 1019 1503 vestrorum
1053 1455 1190 1499 bene.-

64 1534 256 1578 ficiorum
308 1535 353 1579 in
404 1550 472 1579 me
519 1535 769 1580 collatorum
798 1567 810 1588 ‚
870 1541 1189 1590 vestrarumque

50 1609 375 1658 institutionum
404 1619 570 1671 tempus
609 1627 824 1668 nunquam
849 1605 1080 1655 deleturam
1118 1621 1189 1655 esss-

66 1701 114 1732 se
163 1688 437 1743 memoriam,
477 1697 518 1734 et
559 1689 837 1748 gratissimam
878 1688 984 1732 mihi
1021 1702 1190 1747 semper

55 1763 253 1809 futuram
292 1766 496 1826 temporis
535 1766 580 1811 in
615 1766 697 1812 hac
742 1766 975 1811 Academia
1024 1766 1190 1825 peracti

51 1871 54 1873 -
65 1843 419 1889 recordationem.

121 1918 210 1964 Vos
256 1934 357 1965 vero
408 1934 554 1965 omnes
601 1921 691 1967 Viri
741 1921 973 1967 Clarissimi
1012 1928 1185 1980 rogatos

35 1996 215 2050 velim,
262 2004 309 2041 ut
342 2013 410 2042 me
449 2006 630 2043 vestrum
668 1999 807 2044 denuo
845 1999 1062 2059 accipiatis
1095 1999 1187 2044 dis-

61 2072 274 2132 cipulum,
329 2081 377 2118 ut
410 2075 560 2119 vestris
600 2076 682 2120 frui
720 2077 930 2131 consiliis,
985 2076 1184 2132 monitis,

66 2148 247 2193 amIcitia
292 2150 430 2195 denuo
472 2152 622 2206 liceat,
666 2161 713 2197 ut
752 2169 818 2199 me
860 2155 1049 2211 quamvis
1085 2169 1187 2199 elu-

51 2223 222 2271 ditione
262 2235 303 2271 et
343 2229 501 2274 viribus
539 2225 780 2290 disparem,
812 2238 953 2276 tamen
982 2231 1186 2289 collegam

8 2354 11 2368 Ι
57 2300 307 2360 accipiatis,
355 2306 427 2362 qui
475 2307 709 2353 studiorum
752 2323 919 2356 amore
921 2308 1100 2354 ductus
1138 2307 1184 2351 id

1084 2396 1188 2445 prae
