1483 2860
241 147 289 194 56
472 147 1135 188 COMMENTATIO

245 256 461 303 dubitatur,
489 269 572 294 cum
607 256 800 295 hominum
824 258 1087 297 commercium
1123 267 1160 296 et
1194 259 1360 307 aequitas

244 327 420 368 naturalis
465 338 699 375 nequaquam
740 327 945 376 poposcit,
1000 336 1042 365 ut
1088 328 1172 375 quis
1207 328 1363 367 nimium

244 397 409 435 laborem
440 396 596 446 praestet
623 398 706 446 (ι).
759 398 885 446 Culpa
905 399 977 437 lata
1001 409 1091 436 vero
1120 399 1208 436 dolo
1238 398 1369 448 aequi-

243 475 419 515 paratur,
468 468 627 514 ideoque
661 478 706 504 ex
740 467 842 505 omni
884 467 1113 516 obligatione
1153 467 1363 517 praestanda

244 545 327 584 est,
356 548 471 584 aeque
509 548 549 575 ac
576 537 620 575 ab
648 548 692 575 eo
724 537 763 575 in
797 539 908 588 quus
937 538 1133 576 utilitatem
1163 538 1365 576 conventio

244 615 302 644 est
333 606 435 645 inita.
491 607 531 645 Si
560 607 644 654 quis
681 617 802 645 autem
843 619 942 646 onus
981 607 1166 646 sustinere
1195 617 1368 658 tenetur,

242 677 335 714 adeo
367 687 408 715 ut
436 676 629 725 negotium
664 677 814 715 minime
848 679 893 717 ad
930 689 1012 716 eum
1047 678 1256 727 pertineat,
1295 689 1364 728 pro

243 747 314 785 lata
347 756 491 785 tantum
528 748 639 795 culpa
674 747 876 798 obligatur.
957 748 1238 787 Observandum
1275 759 1364 786 vero

241 825 430 867 praeterea
461 826 545 865 est,
586 817 825 867 pactionibus
861 819 907 857 ad
939 819 1115 868 maj0rem
1146 819 1208 857 vel
1245 817 1367 856 mino-

241 899 318 925 rem
348 888 575 937 diligentiam
607 889 770 936 aliquem
808 888 968 936 obligari
995 887 1116 936 posse.

292 957 379 995 Huc
417 969 539 1006 usque
571 959 617 996 de
649 958 943 1007 obligationibus
980 958 1176 997 debitoris.
1229 958 1367 998 Videa-

241 1011 327 1066 mus
351 1029 425 1077 J'am
451 1028 496 1065 de
528 1028 678 1078 J'uribus
707 1040 802 1076 quae
839 1041 860 1066 a
901 1028 1085 1067 creditore
1107 1041 1173 1077 per
1203 1040 1368 1068 conven-

241 1097 379 1136 tionem
399 1126 412 1145 ,
453 1109 525 1144 qua
555 1098 646 1136 alter
680 1110 756 1136 rem
792 1099 879 1137 dare
914 1099 1130 1147 obligatur,
1164 1099 1365 1147 acquirun-

241 1176 317 1205 tur.
364 1168 435 1216 Jus
470 1180 557 1206 vero
594 1168 688 1206 illud
721 1168 912 1217 personale
949 1177 1038 1217 est,
1073 1170 1164 1208 adeo
1203 1179 1244 1207 ut
1277 1181 1366 1218 pro-

238 1237 425 1275 missarius
453 1247 596 1276 tantum
620 1248 750 1277 contra
793 1239 1071 1287 promittentem
1104 1240 1261 1288 eJusque
1299 1239 1366 1277 he-

238 1307 343 1345 redes
369 1318 476 1354 agere
501 1308 633 1355 possit.
678 1337 702 1356 „
728 1309 1011 1356 obligationum
1044 1309 1140 1347 enim
1157 1339 1168 1357 ,
1198 1309 1248 1347 ait
1273 1311 1369 1354 Pau,

241 1405 267 1425 „
292 1378 380 1424 lus,
408 1375 604 1416 substantia
639 1389 716 1417 non
751 1378 790 1417 in
826 1391 870 1416 eo
905 1378 1103 1426 consistit,
1134 1389 1174 1419 ut
1207 1380 1363 1428 aliquod

243 1473 267 1493 „
293 1457 435 1495 corpus
470 1455 639 1485 nostrum
657 1476 670 1495 ,
697 1457 761 1486 aut
792 1447 1001 1486 servitutem
1029 1456 1194 1486 nostram
1225 1448 1356 1498 faciat,

241 1545 266 1566 „
292 1515 354 1554 sed
389 1525 432 1553 ut
462 1517 572 1555 alium
600 1516 712 1555 nobis
740 1516 944 1565 obstringat
970 1518 1016 1556 ad
1039 1519 1198 1557 dandum
1222 1519 1366 1568 aliquid

241 1615 265 1636 „
292 1589 353 1626 vel
386 1586 654 1626 faciendum-'⁹
695 1587 746 1625 L.
777 1600 814 1637 3.
846 1587 888 1626 ff.
917 1589 962 1625 de
989 1588 1038 1626 Ο.
1074 1599 1110 1626 et
1137 1590 1186 1627 A.
1232 1590 1366 1628 Domi-

233 1657 337 1695 nium
372 1657 486 1706 igitur
520 1657 572 1696 rei
597 1669 662 1706 per
685 1657 798 1695 solam
843 1658 1131 1696 conventionem
1162 1657 1361 1698 secundum

232 1729 295 1778 jus
330 1728 445 1767 Rom.
474 1740 518 1766 ex
548 1729 672 1777 regula
697 1739 774 1765 non
801 1728 1003 1775 transsbat3
1033 1739 1115 1766 nam
1142 1729 1188 1766 ad
1219 1729 1257 1767 id
1287 1738 1365 1768 tra·

235 1796 328 1835 ditio
360 1796 641 1845 requirebatur3
681 1797 754 1835 huc
783 1798 882 1835 valet
918 1799 1044 1846 regula
1087 1797 1178 1845 legiS
1214 1811 1278 1838 20.
1307 1799 1361 1838 C.

236 1867 282 1904 de
315 1874 415 1914 pact.
433 1894 446 1912 ,
475 1867 741 1905 traditionibus
777 1867 941 1905 dominia
974 1879 1130 1914 rerum,
1155 1879 1227 1905 non
1254 1866 1363 1906 nudis

231 1938 353 1988 pactis
370 1965 383 1983 ,
410 1937 703 1982 transferuntur
729 1937 813 1986 (α).
867 1936 911 1974 In
947 1949 1020 1985 qua
1049 1936 1128 1985 lege
1154 1949 1221 1986 per
1253 1946 1361 1987 pacta

234 2006 333 2044 nuda
368 2016 444 2043 non
471 2005 686 2054 intelligunt
717 2017 777 2043 eas
809 2006 1114 2054 conventiones,
1163 2019 1256 2056 quae
1289 2018 1361 2047 no·
1410 2042 1414 2047 .

1292 2079 1361 2117 mi-

273 2175 327 2207 (ι)
348 2171 417 2199 vid.
438 2170 730 2205 Warnkoenig‚
759 2172 783 2201 1.
802 2172 823 2200 l.
842 2173 879 2201 Τ.
901 2172 944 2201 11.
965 2173 1018 2201 No.
1037 2179 1199 2210 417-425.

270 2228 325 2266 (ο)
347 2229 397 2257 ef.
421 2228 570 2263 Gliick,
591 2230 646 2257 1.1.
671 2229 758 2257 Tom.
780 2229 834 2257 lv.
854 2236 874 2264 p
896 2236 925 2257 2.
949 2229 977 2265 ς.
1000 2238 1068 2266 343.
