1560 2860
470 261 857 309 ORATLO.
1169 264 1227 311 53

109 403 194 448 bile
230 408 317 458 est,
348 418 473 461 quam
507 400 631 448 snare
655 404 710 447 sit
736 410 777 447 et
802 395 1056 462 jucundum!
1088 404 1228 462 Quid-

108 480 153 524 ni
197 480 306 524 enim
350 481 402 525 de
450 495 500 525 eo
539 480 764 539 gloriemur
803 495 943 524 rerum
986 487 1227 525 nostrarum

107 559 335 602 Praeside
365 572 415 601 ac
450 558 660 610 Patrono,
704 558 804 614 qui,
832 572 884 601 ne
913 571 991 616 per
1032 558 1229 607 acerrimi

106 634 276 692 quidem
299 634 424 687 belli,
457 634 593 691 quod,
625 634 730 678 Tuis
759 634 977 693 auspiciis,
1007 635 1051 678 in
1083 639 1225 678 Indici

111 714 340 756 Orientali
368 711 596 770 gerendum
630 718 746 765 erat,
774 711 1011 755 molitiones
1035 725 1085 756 ac
1115 719 1228 757 stre-

106 787 239 847 pitum
257 820 269 841 ‚
298 788 443 832 Musas
489 787 549 831 ihi
585 787 731 842 silere,
783 795 854 832 aut
886 788 1111 833 Fautorem
1147 789 1230 834 de-

107 865 293 910 siderare
340 880 488 924 passus
523 864 615 909 sis?
690 865 747 909 Et
795 861 909 909 vero*
950 880 1062 910 nunc
1111 866 1225 924 jam,

106 947 195 985 tam
223 942 372 995 brevi,
415 956 464 985 ex
501 955 586 998 quo
625 942 792 985 Patriae
832 942 1040 999 nobisque
1078 943 1226 988 reddi-

108 1024 177 1061 tus
209 1032 251 1061 es
269 1049 282 1070 ‚
319 1017 523 1076 temporis
561 1017 725 1076 spatio,
765 1019 1070 1065 munificentiae
1109 1010 1228 1066 Tuae

109 1093 407 1149 literarumque
440 1094 576 1137 amori
613 1094 803 1138 Museum
835 1104 1027 1141 nostrum
1067 1098 1224 1145 donum

109 1170 237 1214 debet
272 1169 459 1228 amplum
502 1177 544 1213 et
583 1169 761 1228 insigne.
843 1172 1040 1230 Accipias
1071 1174 1196 1232 igitur
1214 1207 1227 1230 ,

106 1245 186 1290 Vir
229 1245 595 1291 excellentissime!
660 1260 742 1305 pro
792 1246 876 1291 hoc
906 1248 1020 1293 ‘Tuo
1063 1251 1226 1295 benefi-

110 1322 201 1376 cio,
243 1331 286 1367 et
321 1337 402 1382 pro
443 1323 576 1367 hoece
613 1323 708 1367 Tuo
744 1325 993 1383 praesertim
1033 1326 1077 1370 in
1119 1343 1226 1373 nos-

109 1400 198 1444 tras
233 1415 301 1445 res
346 1401 485 1444 animo
528 1414 578 1444 ac
612 1415 761 1455 sensu,
816 1401 1001 1447 sinceras
1045 1405 1226 1451 maxime

109 1477 290 1536 gratias3
322 1484 448 1534 atque
480 1477 539 1520 ita
561 1476 661 1521 Tibi
683 1478 960 1535 persuadeas,
983 1470 1034 1524 in
1066 1481 1224 1525 arden-

110 1553 279 1598 tissimis
310 1554 395 1598 hoc
433 1554 557 1598 nobis
592 1554 699 1598 votis
729 1569 848 1609 esse,
878 1564 925 1600 u&
956 1556 1025 1601 diu
1053 1545 1227 1604 Acadess

109 1631 219 1675 miae
251 1631 361 1675 salus
390 1645 439 1674 ex
473 1638 546 1674 tuo
582 1630 818 1675 efflorescat
847 1633 1060 1689 praesidio
1099 1643 1226 1693 atque

110 1722 162 1752 ex
192 1707 504 1767 sapientissimis
544 1707 749 1761 consiliis,
809 1707 904 1752 cum
947 1710 1077 1765 Tuis,
1117 1719 1225 1758 ‘tum

112 1783 374 1842 Collegarum
401 1783 590 1827 Tuorum
606 1815 618 1837 ,
636 1784 829 1827 Virorum
859 1786 1195 1843 gravissimorum
1211 1823 1224 1845 ,

75 1870 78 1872 ’
112 1860 186 1917 qui
226 1860 529 1912 emolumenta,
562 1873 612 1902 ex
637 1859 700 1903 Te
724 1859 848 1904 nobis
880 1863 1116 1920 speranda,
1147 1878 1224 1909 suo

111 1938 238 1984 etiam
268 1937 424 1982 honori
463 1950 664 1994 generose
681 1938 990 1998 praetulerunt!

114 2111 117 2116 ·
169 2091 239 2136 Ad
261 2092 357 2136 *Vos
392 2105 504 2136 nunc
533 2093 848 2152 compellandos
885 2110 978 2140 mea
1005 2110 1095 2141 sese
1119 2111 1226 2141 con-

115 2175 247 2212 vertat
276 2168 412 2213 oratio
438 2176 635 2228 oportet,
666 2170 757 2214 Viri
784 2171 1000 2216 clarissimi
1045 2174 1122 2218 Th
1139 2189 1226 2218 eo-

119 2243 258 2287 dore
307 2245 559 2290 Gerarde
610 2261 711 2291 van
753 2247 888 2292 Lidt
933 2249 997 2294 de
1053 2250 1227 2294 ,leude

117 2328 160 2367 et
189 2320 356 2365 Petre
384 2321 664 2369 Johannes
691 2324 884 2369 Isaiice
915 2326 979 2370 de
1011 2326 1224 2371 Freme-

1140 2406 1226 2461 ry!
