1483 2860
377 185 859 238 *JUR1D1cm
1154 202 1199 242 η

93 296 169 337 vim
207 293 396 344 obligandi
432 304 667 344 acceperunt.
705 295 773 345 (ι)
823 295 937 335 Actio
969 306 1059 336 vero
1098 309 1203 346 prae-

93 364 237 415 scriptis
275 364 425 413 verbis,
459 365 544 403 dein
577 364 685 404 etiam
712 365 758 404 ad
791 366 885 404 alios
919 366 1024 405 casus
1061 367 1204 407 extensa

94 444 180 485 est,
208 447 291 474 nam
330 435 478 484 quoties
511 435 692 474 incertum
725 434 840 483 esset,
869 447 1025 484 quanam
1059 437 1205 476 actione

93 506 303 555 agendum,
349 506 460 544 toties
499 506 683 544 actionem
728 506 821 545 hanc
865 505 904 544 in
942 506 1048 546 usum
1095 519 1207 547 voca·

91 586 194 616 runt.
227 575 296 625 (2)

94 658 97 666 ³
141 645 316 694 Denique
352 645 435 684 Leo
465 644 561 695 Imp.
592 646 630 684 in
653 646 888 696 stipulatione
925 658 1003 686 non
1046 649 1205 697 amplius

89 715 253 755 solennia
287 715 538 764 interrogandi
575 716 900 765 respondendique
934 717 1046 756 verba
1082 719 1209 767 requi·

91 785 179 826 fivit
207 787 256 829 tl·
287 798 349 825 10.
376 786 429 826 C.
456 787 627 825 contrah.
660 795 697 824 et
720 786 902 825 committ.
932 786 1085 837 stipul.)
1115 788 1207 826 adeo

90 865 137 897 ut
170 856 209 894 in
244 856 360 896 dubio
382 856 653 906 stipulationem
681 856 816 895 factam
855 856 933 895 esse
961 857 1210 906 praesumere-

91 935 155 965 tur
178 927 265 975 (3).
318 926 478 965 Animus
505 935 629 967 autem
653 920 922 975 paciscentium
947 927 987 966 in
1007 927 1140 976 primis
1162 939 1208 966 ex

91 997 204 1035 modo
244 996 485 1035 contrahendi
521 996 791 1045 colligebatur,
819 997 944 1046 unde,
971 996 1000 1036 fi
1029 997 1126 1036 inter
1145 997 1210 1037 ab·

90 1064 209 1104 sentes
244 1077 302 1105 res
332 1065 463 1105 fuisset
497 1075 672 1115 peracta,
700 1075 850 1116 pactum
882 1067 1090 1107 obtinuisse
1120 1077 1209 1106 cen-

89 1135 265 1183 sebatur,
313 1146 396 1175 nam
444 1135 646 1176 verborum
683 1136 863 1186 obligatio
899 1137 998 1177 inter
1041 1135 1208 1177 absentes

90 1215 274 1255 concepta
301 1206 445 1245 inutilis
468 1214 525 1245 est
549 1206 634 1256 (4).

139 1276 201 1316 Ex
233 1275 293 1314 his
331 1275 446 1325 igitur
479 1275 656 1315 omnibus
685 1276 976 1324 concludimus,
1000 1276 1046 1316 ad
1084 1288 1207 1317 mores

90 1346 261 1386 excultos
300 1354 337 1385 et
361 1346 600 1396 negotiorum
631 1345 880 1394 frequentiam
914 1346 986 1386 sese
1023 1347 1209 1386 excoluis-

90 1415 128 1455 se
146 1416 478 1467 jurisprudentiam
502 1416 710 1456 Romanam
723 1446 737 1466 ‚
759 1417 811 1457 ita
836 1426 960 1456 tamen
991 1412 1035 1457 ut
1056 1430 1078 1457 a
1099 1417 1209 1457 semel

89 1486 222 1536 pofitis
243 1485 442 1535 principiis
471 1497 549 1524 non
577 1487 796 1535 recesserit,
822 1487 885 1526 sed
907 1487 1116 1527 constanter
1135 1489 1208 1528 ser-

89 1555 254 1604 raverit,
295 1556 463 1604 adeoque
499 1556 616 1595 verba
640 1559 691 1595 cl.
724 1557 797 1595 den
823 1557 910 1596 Tex
934 1567 1065 1598 nostra
1097 1559 1211 1598 facia-

89 1636 190 1665 mus.
243 1652 276 1673 „
302 1625 338 1664 E
372 1634 485 1674 pacto
509 1626 613 1666 nudo
642 1636 721 1665 non
747 1628 855 1666 datur
879 1628 993 1668 actio.
1045 1629 1210 1669 Censue-

87 1722 123 1744 ‚‚
148 1704 231 1734 rant
256 1695 350 1734 illud
375 1696 516 1746 primi,
542 1696 627 1735 rudi
647 1705 765 1736 aetate
781 1726 795 1745 ‚
824 1697 999 1740 Romani.
1051 1699 1208 1738 Censuit

90 1792 123 1815 ‚,
148 1766 257 1805 etiam
285 1765 353 1805 sue
382 1774 551 1816 tempore
579 1765 830 1816 Justinianus.
868 1767 1065 1807 Formulae
1085 1777 1124 1807 et
1149 1770 1209 1810 so-

89 1863 123 1886 „
147 1836 346 1875 lemiitates
382 1836 492 1887 adjici
525 1836 690 1886 negotiis
726 1836 888 1885 primum
915 1836 1128 1887 debebant,
1165 1847 1210 1878 ut

88 1931 122 1955 „
149 1904 196 1944 de
223 1904 349 1945 animo
378 1904 582 1946 deliberato
608 1904 808 1947 constaret.
858 1906 1015 1947 Ferebat
1051 1908 1125 1947 hoc
1162 1919 1208 1947 eo

1054 2007 1087 2028 ‚‚
1114 1986 1206 2018 tem·

126 2099 183 2139 (ι)
203 2101 253 2131 ef,
276 2100 634 2136 Modderman,1.1.
654 2108 687 2136 p.
711 2103 761 2136 83·

126 2159 182 2196 (α)
200 2158 236 2186 1..
261 2167 288 2188 1.
310 2159 339 2195 §-
365 2166 376 2187 ι
400 2165 430 2186 et
452 2166 478 2187 2.
500 2159 533 2187 L.
556 2167 604 2187 12.
628 2159 652 2187 L
687 2165 735 2194 17.
758 2157 790 2188 ff.
820 2157 858 2187 de
879 2156 1071 2194 praescriptis
1094 2155 1207 2191 verbis.

94 2223 100 2226 ·
129 2214 183 2251 (3)
203 2215 369 2248 Paulus,
389 2216 525 2244 sentent.
548 2215 586 2244 V.
608 2223 638 2250 7.
660 2215 688 2252 S.
708 2224 738 2247 2.

127 2271 182 2310 (4)
204 2271 233 2307 S.
258 2278 304 2301 ια.
328 2271 397 2301 inst.
420 2272 457 2301 de
479 2271 553 2302 inut.
571 2271 636 2306 stip.
