<?xml version="1.0" encoding="UTF-8"?>
<!DOCTYPE html PUBLIC "-//W3C//DTD XHTML 1.0 Transitional//EN"
    "http://www.w3.org/TR/xhtml1/DTD/xhtml1-transitional.dtd">
<html xmlns="http://www.w3.org/1999/xhtml" xml:lang="en" lang="en">
 <head>
  <title>
</title>
<meta http-equiv="Content-Type" content="text/html;charset=utf-8" />
  <meta name='ocr-system' content='tesseract 3.04.00' />
  <meta name='ocr-capabilities' content='ocr_page ocr_carea ocr_par ocr_line ocrx_word'/>
</head>
<body>
  <div class='ocr_page' id='page_1' title='image "annalesacademiae29acad_0346.png"; bbox 0 0 1483 2860; ppageno 0'>
   <div class='ocr_carea' id='block_1_1' title="bbox 267 186 1203 259">
    <p class='ocr_par' dir='ltr' id='par_1_1' title="bbox 267 186 1203 259">
     <span class='ocr_line' id='line_1_1' title="bbox 267 186 1203 259; baseline -0.005 -6"><span class='ocrx_word' id='word_1_1' title='bbox 267 225 312 253; x_wconf 89' lang='lat'><strong>12</strong></span> <span class='ocrx_word' id='word_1_2' title='bbox 486 186 1203 259; x_wconf 46' lang='grc' dir='ltr'><strong>εοΜΜΕΝΤΑἸῑιοΧ</strong></span> 
     </span>
    </p>
   </div>
   <div class='ocr_carea' id='block_1_2' title="bbox 262 319 1388 2325">
    <p class='ocr_par' dir='ltr' id='par_1_2' title="bbox 262 319 1388 2118">
     <span class='ocr_line' id='line_1_2' title="bbox 314 319 1374 371; baseline -0.003 -10"><span class='ocrx_word' id='word_1_3' title='bbox 314 321 480 361; x_wconf 86' lang='lat' dir='ltr'>Tandem</span> <span class='ocrx_word' id='word_1_4' title='bbox 512 331 620 371; x_wconf 84' lang='lat' dir='ltr'><strong>pacta</strong></span> <span class='ocrx_word' id='word_1_5' title='bbox 653 332 807 370; x_wconf 90' lang='lat' dir='ltr'><strong>quoque</strong></span> <span class='ocrx_word' id='word_1_6' title='bbox 827 321 902 359; x_wconf 91' lang='lat' dir='ltr'><strong>vim</strong></span> <span class='ocrx_word' id='word_1_7' title='bbox 930 320 1118 368; x_wconf 88' lang='lat' dir='ltr'><strong>obligandi</strong></span> <span class='ocrx_word' id='word_1_8' title='bbox 1141 328 1248 359; x_wconf 84' lang='lat' dir='ltr'><strong>nacta</strong></span> <span class='ocrx_word' id='word_1_9' title='bbox 1267 319 1374 369; x_wconf 86' lang='lat' dir='ltr'><strong>sunt,</strong></span> 
     </span>
     <span class='ocr_line' id='line_1_3' title="bbox 265 389 1376 440; baseline -0.005 -9"><span class='ocrx_word' id='word_1_10' title='bbox 265 394 414 440; x_wconf 92' lang='lat' dir='ltr'><strong>quoties</strong></span> <span class='ocrx_word' id='word_1_11' title='bbox 460 391 597 430; x_wconf 90' lang='lat' dir='ltr'><strong>scilicet</strong></span> <span class='ocrx_word' id='word_1_12' title='bbox 651 392 742 429; x_wconf 86' lang='lat' dir='ltr'><strong>alter</strong></span> <span class='ocrx_word' id='word_1_13' title='bbox 803 390 1099 429; x_wconf 87' lang='lat' dir='ltr'><strong>contrahentium</strong></span> <span class='ocrx_word' id='word_1_14' title='bbox 1153 389 1376 439; x_wconf 90' lang='lat' dir='ltr'><strong>obligationi</strong></span> 
     </span>
     <span class='ocr_line' id='line_1_4' title="bbox 262 456 1374 507; baseline -0.004 -7"><span class='ocrx_word' id='word_1_15' title='bbox 262 463 345 501; x_wconf 84' lang='lat' dir='ltr'><strong>suae</strong></span> <span class='ocrx_word' id='word_1_16' title='bbox 390 461 622 500; x_wconf 85' lang='lat' dir='ltr'><strong>satisfecisset</strong></span> <span class='ocrx_word' id='word_1_17' title='bbox 648 489 662 507; x_wconf 92' lang='lat'>‚</span> <span class='ocrx_word' id='word_1_18' title='bbox 725 461 823 499; x_wconf 90' lang='lat' dir='ltr'><strong>unde</strong></span> <span class='ocrx_word' id='word_1_19' title='bbox 877 468 1092 498; x_wconf 84' lang='lat' dir='ltr'><strong>contractus</strong></span> <span class='ocrx_word' id='word_1_20' title='bbox 1134 456 1374 497; x_wconf 67' lang='lat' dir='ltr'><em>innominati.</em></span> 
     </span>
     <span class='ocr_line' id='line_1_5' title="bbox 264 527 1383 578; baseline -0.003 -9"><span class='ocrx_word' id='word_1_21' title='bbox 264 532 387 570; x_wconf 87' lang='lat' dir='ltr'><strong>Rudia</strong></span> <span class='ocrx_word' id='word_1_22' title='bbox 425 532 522 569; x_wconf 87' lang='lat' dir='ltr'><strong>enim</strong></span> <span class='ocrx_word' id='word_1_23' title='bbox 556 531 751 569; x_wconf 88' lang='lat' dir='ltr'><strong>hominum</strong></span> <span class='ocrx_word' id='word_1_24' title='bbox 788 529 935 578; x_wconf 86' lang='lat' dir='ltr'><strong>ingenia</strong></span> <span class='ocrx_word' id='word_1_25' title='bbox 959 529 1164 578; x_wconf 85' lang='lat' dir='ltr'><strong>ignorant,</strong></span> <span class='ocrx_word' id='word_1_26' title='bbox 1204 529 1260 567; x_wconf 90' lang='lat' dir='ltr'><strong>uti</strong></span> <span class='ocrx_word' id='word_1_27' title='bbox 1287 527 1383 567; x_wconf 83' lang='lat' dir='ltr'><strong>dixi-</strong></span> 
     </span>
     <span class='ocr_line' id='line_1_6' title="bbox 265 598 1383 648; baseline -0.002 -10"><span class='ocrx_word' id='word_1_28' title='bbox 265 612 374 647; x_wconf 86' lang='lat' dir='ltr'><strong>mus,</strong></span> <span class='ocrx_word' id='word_1_29' title='bbox 402 601 478 638; x_wconf 85' lang='lat' dir='ltr'><strong>vim</strong></span> <span class='ocrx_word' id='word_1_30' title='bbox 510 600 716 640; x_wconf 89' lang='lat' dir='ltr'><strong>voluntatis</strong></span> <span class='ocrx_word' id='word_1_31' title='bbox 752 601 956 648; x_wconf 78' lang='lat' dir='ltr'><strong>humanae,</strong></span> <span class='ocrx_word' id='word_1_32' title='bbox 983 607 1171 637; x_wconf 87' lang='lat' dir='ltr'><strong>crescente</strong></span> <span class='ocrx_word' id='word_1_33' title='bbox 1193 608 1284 637; x_wconf 87' lang='lat' dir='ltr'><strong>vero</strong></span> <span class='ocrx_word' id='word_1_34' title='bbox 1310 598 1383 636; x_wconf 85' lang='lat' dir='ltr'><strong>hu-</strong></span> 
     </span>
     <span class='ocr_line' id='line_1_7' title="bbox 271 667 1385 719; baseline -0.001 -13"><span class='ocrx_word' id='word_1_35' title='bbox 271 670 472 717; x_wconf 81' lang='lat' dir='ltr'><strong>manitate,</strong></span> <span class='ocrx_word' id='word_1_36' title='bbox 505 670 621 719; x_wconf 88' lang='lat' dir='ltr'><strong>magis</strong></span> <span class='ocrx_word' id='word_1_37' title='bbox 647 681 723 708; x_wconf 90' lang='lat' dir='ltr'><strong>eam</strong></span> <span class='ocrx_word' id='word_1_38' title='bbox 748 668 994 718; x_wconf 88' lang='lat' dir='ltr'><strong>perspiciunt:</strong></span> <span class='ocrx_word' id='word_1_39' title='bbox 1025 669 1130 718; x_wconf 90' lang='lat' dir='ltr'><strong>quod</strong></span> <span class='ocrx_word' id='word_1_40' title='bbox 1151 667 1385 706; x_wconf 87' lang='lat' dir='ltr'><strong>enimincul-</strong></span> 
     </span>
     <span class='ocr_line' id='line_1_8' title="bbox 273 737 1385 789; baseline 0 -13"><span class='ocrx_word' id='word_1_41' title='bbox 273 748 396 777; x_wconf 86' lang='lat' dir='ltr'><strong>torum</strong></span> <span class='ocrx_word' id='word_1_42' title='bbox 422 739 628 789; x_wconf 87' lang='lat' dir='ltr'><strong>Quiritium</strong></span> <span class='ocrx_word' id='word_1_43' title='bbox 663 740 771 778; x_wconf 86' lang='lat' dir='ltr'><strong>turba</strong></span> <span class='ocrx_word' id='word_1_44' title='bbox 804 740 903 778; x_wconf 87' lang='lat' dir='ltr'><strong>haud</strong></span> <span class='ocrx_word' id='word_1_45' title='bbox 937 739 1037 788; x_wconf 88' lang='lat' dir='ltr'><strong>cepit</strong></span> <span class='ocrx_word' id='word_1_46' title='bbox 1054 767 1068 787; x_wconf 85' lang='lat'>,</span> <span class='ocrx_word' id='word_1_47' title='bbox 1094 737 1201 789; x_wconf 84' lang='lat' dir='ltr'>sagax</span> <span class='ocrx_word' id='word_1_48' title='bbox 1227 749 1270 777; x_wconf 88' lang='lat' dir='ltr'><strong>ac</strong></span> <span class='ocrx_word' id='word_1_49' title='bbox 1298 738 1385 788; x_wconf 88' lang='lat' dir='ltr'><strong>phi·</strong></span> 
     </span>
     <span class='ocr_line' id='line_1_9' title="bbox 265 807 1384 860; baseline -0.002 -12"><span class='ocrx_word' id='word_1_50' title='bbox 265 810 456 858; x_wconf 87' lang='lat' dir='ltr'><strong>losophiae</strong></span> <span class='ocrx_word' id='word_1_51' title='bbox 483 809 603 849; x_wconf 89' lang='lat' dir='ltr'><strong>studio</strong></span> <span class='ocrx_word' id='word_1_52' title='bbox 629 809 795 848; x_wconf 89' lang='lat' dir='ltr'><strong>imbutus</strong></span> <span class='ocrx_word' id='word_1_53' title='bbox 822 809 946 860; x_wconf 88' lang='lat' dir='ltr'><strong>JCtus</strong></span> <span class='ocrx_word' id='word_1_54' title='bbox 982 807 1232 857; x_wconf 88' lang='lat' dir='ltr'><strong>perscrutatus</strong></span> <span class='ocrx_word' id='word_1_55' title='bbox 1261 816 1320 846; x_wconf 88' lang='lat' dir='ltr'><strong>est</strong></span> <span class='ocrx_word' id='word_1_56' title='bbox 1346 815 1384 846; x_wconf 89' lang='lat' dir='ltr'><strong>et</strong></span> 
     </span>
     <span class='ocr_line' id='line_1_10' title="bbox 268 877 1382 928; baseline -0.002 -11"><span class='ocrx_word' id='word_1_57' title='bbox 268 879 468 928; x_wconf 83' lang='lat' dir='ltr'><strong>perspexit.</strong></span> <span class='ocrx_word' id='word_1_58' title='bbox 521 881 574 919; x_wconf 90' lang='lat' dir='ltr'><strong>Et</strong></span> <span class='ocrx_word' id='word_1_59' title='bbox 609 881 658 919; x_wconf 92' lang='lat' dir='ltr'><strong>s1c</strong></span> <span class='ocrx_word' id='word_1_60' title='bbox 691 879 840 927; x_wconf 89' lang='lat' dir='ltr'><strong>quidem</strong></span> <span class='ocrx_word' id='word_1_61' title='bbox 877 878 1018 917; x_wconf 87' lang='lat' dir='ltr'><strong>factum</strong></span> <span class='ocrx_word' id='word_1_62' title='bbox 1052 887 1096 916; x_wconf 93' lang='lat' dir='ltr'><strong>ut</strong></span> <span class='ocrx_word' id='word_1_63' title='bbox 1130 878 1184 917; x_wconf 88' lang='grc' dir='ltr'><strong>Τ.</strong></span> <span class='ocrx_word' id='word_1_64' title='bbox 1219 877 1382 925; x_wconf 84' lang='lat' dir='ltr'>Aristo,</span> 
     </span>
     <span class='ocr_line' id='line_1_11' title="bbox 267 948 1383 998; baseline 0.001 -12"><span class='ocrx_word' id='word_1_65' title='bbox 267 948 326 986; x_wconf 90' lang='lat' dir='ltr'><strong>vir</strong></span> <span class='ocrx_word' id='word_1_66' title='bbox 348 948 693 997; x_wconf 75' lang='lat' dir='ltr'><strong>acutisfimusC1)‚</strong></span> <span class='ocrx_word' id='word_1_67' title='bbox 722 958 826 998; x_wconf 83' lang='lat' dir='ltr'><strong>pacta</strong></span> <span class='ocrx_word' id='word_1_68' title='bbox 851 949 1029 997; x_wconf 88' lang='lat' dir='ltr'><strong>quaedam</strong></span> <span class='ocrx_word' id='word_1_69' title='bbox 1054 950 1234 987; x_wconf 90' lang='lat' dir='ltr'><strong>hactenus</strong></span> <span class='ocrx_word' id='word_1_70' title='bbox 1255 949 1383 997; x_wconf 87' lang='lat' dir='ltr'><strong>nuda,</strong></span> 
     </span>
     <span class='ocr_line' id='line_1_12' title="bbox 264 1017 1388 1068; baseline -0.001 -11"><span class='ocrx_word' id='word_1_71' title='bbox 264 1018 310 1057; x_wconf 90' lang='lat' dir='ltr'><strong>ab</strong></span> <span class='ocrx_word' id='word_1_72' title='bbox 339 1029 413 1057; x_wconf 86' lang='lat' dir='ltr'><strong>una</strong></span> <span class='ocrx_word' id='word_1_73' title='bbox 436 1028 540 1068; x_wconf 89' lang='lat' dir='ltr'><strong>parte</strong></span> <span class='ocrx_word' id='word_1_74' title='bbox 567 1019 742 1067; x_wconf 82' lang='lat' dir='ltr'><strong>impleta,</strong></span> <span class='ocrx_word' id='word_1_75' title='bbox 770 1018 1035 1068; x_wconf 89' lang='lat' dir='ltr'><strong>obligationem</strong></span> <span class='ocrx_word' id='word_1_76' title='bbox 1065 1019 1270 1068; x_wconf 90' lang='lat' dir='ltr'><strong>producere</strong></span> <span class='ocrx_word' id='word_1_77' title='bbox 1293 1017 1388 1057; x_wconf 86' lang='lat' dir='ltr'><strong>civi·</strong></span> 
     </span>
     <span class='ocr_line' id='line_1_13' title="bbox 268 1087 1384 1138; baseline -0.002 -11"><span class='ocrx_word' id='word_1_78' title='bbox 268 1090 340 1127; x_wconf 89' lang='lat' dir='ltr'><strong>lem</strong></span> <span class='ocrx_word' id='word_1_79' title='bbox 368 1088 548 1128; x_wconf 82' lang='lat' dir='ltr'><strong>statuerit.</strong></span> <span class='ocrx_word' id='word_1_80' title='bbox 603 1089 730 1138; x_wconf 88' lang='lat' dir='ltr'><strong>Hujus</strong></span> <span class='ocrx_word' id='word_1_81' title='bbox 761 1088 815 1126; x_wconf 88' lang='lat' dir='ltr'><strong>rei</strong></span> <span class='ocrx_word' id='word_1_82' title='bbox 838 1088 944 1128; x_wconf 91' lang='lat' dir='ltr'><strong>testis</strong></span> <span class='ocrx_word' id='word_1_83' title='bbox 968 1088 1081 1127; x_wconf 90' lang='lat' dir='ltr'><strong>nobis</strong></span> <span class='ocrx_word' id='word_1_84' title='bbox 1115 1097 1172 1127; x_wconf 91' lang='lat' dir='ltr'><strong>est</strong></span> <span class='ocrx_word' id='word_1_85' title='bbox 1196 1087 1384 1137; x_wconf 87' lang='lat' dir='ltr'><strong>Ulpianus</strong></span> 
     </span>
     <span class='ocr_line' id='line_1_14' title="bbox 264 1158 1385 1208; baseline 0 -11"><span class='ocrx_word' id='word_1_86' title='bbox 264 1160 304 1198; x_wconf 90' lang='lat' dir='ltr'><strong>in</strong></span> <span class='ocrx_word' id='word_1_87' title='bbox 328 1161 357 1199; x_wconf 93' lang='lat'><strong>1.</strong></span> <span class='ocrx_word' id='word_1_88' title='bbox 386 1171 423 1208; x_wconf 87' lang='lat'><strong>7.</strong></span> <span class='ocrx_word' id='word_1_89' title='bbox 446 1160 487 1208; x_wconf 85' lang='lat'><strong>§.</strong></span> <span class='ocrx_word' id='word_1_90' title='bbox 511 1172 550 1198; x_wconf 82' lang='lat'><strong>2.</strong></span> <span class='ocrx_word' id='word_1_91' title='bbox 576 1158 618 1201; x_wconf 89' lang='lat' dir='ltr'><strong>ff.</strong></span> <span class='ocrx_word' id='word_1_92' title='bbox 641 1159 686 1197; x_wconf 92' lang='lat' dir='ltr'><strong>de</strong></span> <span class='ocrx_word' id='word_1_93' title='bbox 706 1159 839 1208; x_wconf 86' lang='lat' dir='ltr'><strong>pactis.</strong></span> <span class='ocrx_word' id='word_1_94' title='bbox 898 1188 930 1208; x_wconf 83' lang='lat'>„</span> <span class='ocrx_word' id='word_1_95' title='bbox 959 1160 1034 1198; x_wconf 89' lang='lat' dir='ltr'><strong>Sed</strong></span> <span class='ocrx_word' id='word_1_96' title='bbox 1065 1168 1102 1198; x_wconf 92' lang='lat' dir='ltr'><strong>et</strong></span> <span class='ocrx_word' id='word_1_97' title='bbox 1137 1158 1166 1198; x_wconf 85' lang='lat' dir='ltr'>fi</span> <span class='ocrx_word' id='word_1_98' title='bbox 1195 1158 1236 1196; x_wconf 88' lang='lat' dir='ltr'><strong>in</strong></span> <span class='ocrx_word' id='word_1_99' title='bbox 1270 1158 1385 1197; x_wconf 86' lang='lat' dir='ltr'><strong>alium</strong></span> 
     </span>
     <span class='ocr_line' id='line_1_15' title="bbox 266 1225 1384 1278; baseline -0.002 -9"><span class='ocrx_word' id='word_1_100' title='bbox 266 1238 502 1269; x_wconf 88' lang='lat' dir='ltr'><strong>contractum</strong></span> <span class='ocrx_word' id='word_1_101' title='bbox 535 1242 593 1268; x_wconf 89' lang='lat' dir='ltr'><strong>res</strong></span> <span class='ocrx_word' id='word_1_102' title='bbox 630 1241 708 1268; x_wconf 92' lang='lat' dir='ltr'><strong>non</strong></span> <span class='ocrx_word' id='word_1_103' title='bbox 735 1239 919 1278; x_wconf 86' lang='lat' dir='ltr'><strong>transeat,</strong></span> <span class='ocrx_word' id='word_1_104' title='bbox 958 1228 1073 1268; x_wconf 78' lang='lat' dir='ltr'><strong>subsit</strong></span> <span class='ocrx_word' id='word_1_105' title='bbox 1104 1238 1226 1268; x_wconf 88' lang='lat' dir='ltr'><strong>tamen</strong></span> <span class='ocrx_word' id='word_1_106' title='bbox 1253 1225 1384 1267; x_wconf 81' lang='lat' dir='ltr'><strong>causa:</strong></span> 
     </span>
     <span class='ocr_line' id='line_1_16' title="bbox 267 1299 1382 1349; baseline 0 -12"><span class='ocrx_word' id='word_1_107' title='bbox 267 1300 452 1349; x_wconf 80' lang='lat' dir='ltr'><strong>eleganter</strong></span> <span class='ocrx_word' id='word_1_108' title='bbox 478 1299 609 1337; x_wconf 84' lang='lat' dir='ltr'><strong>Aristo</strong></span> <span class='ocrx_word' id='word_1_109' title='bbox 635 1300 746 1338; x_wconf 80' lang='lat' dir='ltr'><strong>Celso</strong></span> <span class='ocrx_word' id='word_1_110' title='bbox 768 1301 969 1349; x_wconf 87' lang='lat' dir='ltr'><strong>respondet</strong></span> <span class='ocrx_word' id='word_1_111' title='bbox 991 1299 1069 1338; x_wconf 88' lang='lat' dir='ltr'><strong>esse</strong></span> <span class='ocrx_word' id='word_1_112' title='bbox 1089 1299 1382 1348; x_wconf 82' lang='lat' dir='ltr'><strong>obligationem:</strong></span> 
     </span>
     <span class='ocr_line' id='line_1_17' title="bbox 267 1367 1386 1419; baseline -0.002 -11"><span class='ocrx_word' id='word_1_113' title='bbox 267 1379 310 1408; x_wconf 93' lang='lat' dir='ltr'><strong>ut</strong></span> <span class='ocrx_word' id='word_1_114' title='bbox 335 1380 448 1419; x_wconf 86' lang='lat' dir='ltr'><strong>puta,</strong></span> <span class='ocrx_word' id='word_1_115' title='bbox 478 1371 560 1407; x_wconf 77' lang='lat' dir='ltr'><strong>dedi</strong></span> <span class='ocrx_word' id='word_1_116' title='bbox 582 1369 652 1407; x_wconf 90' lang='lat' dir='ltr'><strong>tibi</strong></span> <span class='ocrx_word' id='word_1_117' title='bbox 676 1380 777 1414; x_wconf 87' lang='lat' dir='ltr'><strong>rem,</strong></span> <span class='ocrx_word' id='word_1_118' title='bbox 804 1379 847 1408; x_wconf 90' lang='lat' dir='ltr'><strong>ut</strong></span> <span class='ocrx_word' id='word_1_119' title='bbox 871 1369 963 1408; x_wconf 91' lang='lat' dir='ltr'><strong>mihi</strong></span> <span class='ocrx_word' id='word_1_120' title='bbox 995 1370 1102 1408; x_wconf 87' lang='lat' dir='ltr'><strong>aliam</strong></span> <span class='ocrx_word' id='word_1_121' title='bbox 1138 1370 1243 1408; x_wconf 85' lang='lat' dir='ltr'><strong>dares</strong></span> <span class='ocrx_word' id='word_1_122' title='bbox 1259 1397 1273 1417; x_wconf 90' lang='lat'>‚</span> <span class='ocrx_word' id='word_1_123' title='bbox 1300 1367 1386 1409; x_wconf 84' lang='lat' dir='ltr'><strong>dedi</strong></span> 
     </span>
     <span class='ocr_line' id='line_1_18' title="bbox 266 1437 1385 1488; baseline 0 -11"><span class='ocrx_word' id='word_1_124' title='bbox 266 1448 309 1477; x_wconf 91' lang='lat' dir='ltr'><strong>ut</strong></span> <span class='ocrx_word' id='word_1_125' title='bbox 335 1438 477 1487; x_wconf 87' lang='lat' dir='ltr'><strong>aliquid</strong></span> <span class='ocrx_word' id='word_1_126' title='bbox 502 1437 642 1476; x_wconf 88' lang='lat' dir='ltr'><strong>facias:</strong></span> <span class='ocrx_word' id='word_1_127' title='bbox 671 1438 743 1476; x_wconf 87' lang='lat' dir='ltr'><strong>hoc</strong></span> <span class='ocrx_word' id='word_1_128' title='bbox 767 1440 1019 1488; x_wconf 68' lang='grc' dir='ltr'><strong><em>συνάλλαγμα</em></strong></span> <span class='ocrx_word' id='word_1_129' title='bbox 1041 1438 1068 1478; x_wconf 89' lang='lat' dir='ltr'><strong>i.</strong></span> <span class='ocrx_word' id='word_1_130' title='bbox 1092 1451 1114 1476; x_wconf 93' lang='lat' dir='ltr'><strong>e</strong></span> <span class='ocrx_word' id='word_1_131' title='bbox 1151 1448 1385 1478; x_wconf 85' lang='lat' dir='ltr'><strong>contractum</strong></span> 
     </span>
     <span class='ocr_line' id='line_1_19' title="bbox 265 1508 1385 1557; baseline 0 -10"><span class='ocrx_word' id='word_1_132' title='bbox 265 1508 361 1557; x_wconf 80' lang='lat' dir='ltr'><strong>esse,</strong></span> <span class='ocrx_word' id='word_1_133' title='bbox 400 1517 436 1547; x_wconf 88' lang='lat' dir='ltr'><strong>et</strong></span> <span class='ocrx_word' id='word_1_134' title='bbox 477 1509 563 1546; x_wconf 87' lang='lat' dir='ltr'><strong>hinc</strong></span> <span class='ocrx_word' id='word_1_135' title='bbox 596 1508 697 1546; x_wconf 87' lang='lat' dir='ltr'><strong>nasci</strong></span> <span class='ocrx_word' id='word_1_136' title='bbox 733 1508 878 1546; x_wconf 89' lang='lat' dir='ltr'><strong>civilem</strong></span> <span class='ocrx_word' id='word_1_137' title='bbox 921 1508 1232 1557; x_wconf 87' lang='lat' dir='ltr'><strong>obligationem.’&#39;</strong></span> <span class='ocrx_word' id='word_1_138' title='bbox 1283 1509 1385 1548; x_wconf 89' lang='lat' dir='ltr'><strong>Cum</strong></span> 
     </span>
     <span class='ocr_line' id='line_1_20' title="bbox 269 1577 1388 1626; baseline 0 -8"><span class='ocrx_word' id='word_1_139' title='bbox 269 1591 359 1618; x_wconf 88' lang='lat' dir='ltr'><strong>vero</strong></span> <span class='ocrx_word' id='word_1_140' title='bbox 388 1579 593 1617; x_wconf 88' lang='lat' dir='ltr'><strong>innumeris</strong></span> <span class='ocrx_word' id='word_1_141' title='bbox 630 1577 754 1616; x_wconf 86' lang='lat' dir='ltr'><strong>modis</strong></span> <span class='ocrx_word' id='word_1_142' title='bbox 792 1587 896 1626; x_wconf 81' lang='lat' dir='ltr'><strong>pacta</strong></span> <span class='ocrx_word' id='word_1_143' title='bbox 926 1588 1119 1617; x_wconf 81' lang='lat' dir='ltr'><strong>transeunt</strong></span> <span class='ocrx_word' id='word_1_144' title='bbox 1144 1579 1184 1617; x_wconf 86' lang='lat' dir='ltr'><strong>in</strong></span> <span class='ocrx_word' id='word_1_145' title='bbox 1215 1587 1388 1618; x_wconf 62' lang='lat' dir='ltr'><strong>contraca-</strong></span> 
     </span>
     <span class='ocr_line' id='line_1_21' title="bbox 267 1648 1385 1697; baseline 0.002 -10"><span class='ocrx_word' id='word_1_146' title='bbox 267 1657 348 1687; x_wconf 86' lang='lat' dir='ltr'><strong>tum</strong></span> <span class='ocrx_word' id='word_1_147' title='bbox 377 1649 674 1696; x_wconf 80' lang='lat' dir='ltr'><strong>innominatum,</strong></span> <span class='ocrx_word' id='word_1_148' title='bbox 726 1648 867 1697; x_wconf 91' lang='lat' dir='ltr'><strong>cuique</strong></span> <span class='ocrx_word' id='word_1_149' title='bbox 909 1648 1063 1697; x_wconf 89' lang='lat' dir='ltr'><strong>negotio</strong></span> <span class='ocrx_word' id='word_1_150' title='bbox 1101 1649 1254 1697; x_wconf 87' lang='lat' dir='ltr'><strong>propria</strong></span> <span class='ocrx_word' id='word_1_151' title='bbox 1285 1649 1385 1689; x_wconf 89' lang='lat' dir='ltr'><strong>actio</strong></span> 
     </span>
     <span class='ocr_line' id='line_1_22' title="bbox 268 1719 1387 1768; baseline 0.002 -11"><span class='ocrx_word' id='word_1_152' title='bbox 268 1719 347 1757; x_wconf 85' lang='lat' dir='ltr'><strong>dari</strong></span> <span class='ocrx_word' id='word_1_153' title='bbox 390 1730 469 1757; x_wconf 90' lang='lat' dir='ltr'><strong>non</strong></span> <span class='ocrx_word' id='word_1_154' title='bbox 526 1719 654 1768; x_wconf 89' lang='lat' dir='ltr'><strong>potuit</strong></span> <span class='ocrx_word' id='word_1_155' title='bbox 676 1747 691 1766; x_wconf 86' lang='lat'>‚</span> <span class='ocrx_word' id='word_1_156' title='bbox 743 1719 804 1758; x_wconf 88' lang='lat' dir='ltr'><strong>sed</strong></span> <span class='ocrx_word' id='word_1_157' title='bbox 847 1720 930 1758; x_wconf 91' lang='lat' dir='ltr'><strong>data</strong></span> <span class='ocrx_word' id='word_1_158' title='bbox 992 1728 1049 1758; x_wconf 89' lang='lat' dir='ltr'><strong>est</strong></span> <span class='ocrx_word' id='word_1_159' title='bbox 1097 1719 1277 1768; x_wconf 88' lang='lat' dir='ltr'><strong>generalis</strong></span> <span class='ocrx_word' id='word_1_160' title='bbox 1323 1719 1387 1760; x_wconf 84' lang='lat' dir='ltr'><strong>illa</strong></span> 
     </span>
     <span class='ocr_line' id='line_1_23' title="bbox 266 1789 1383 1841; baseline 0.001 -14"><span class='ocrx_word' id='word_1_161' title='bbox 266 1789 365 1827; x_wconf 86' lang='lat' dir='ltr'><strong>actio</strong></span> <span class='ocrx_word' id='word_1_162' title='bbox 380 1817 394 1836; x_wconf 84' lang='lat'>‚</span> <span class='ocrx_word' id='word_1_163' title='bbox 433 1801 528 1837; x_wconf 90' lang='lat' dir='ltr'><strong>quae</strong></span> <span class='ocrx_word' id='word_1_164' title='bbox 559 1790 807 1841; x_wconf 78' lang='lat' dir='ltr'><strong>praescriptis</strong></span> <span class='ocrx_word' id='word_1_165' title='bbox 841 1790 963 1829; x_wconf 75' lang='lat' dir='ltr'><strong>verbis</strong></span> <span class='ocrx_word' id='word_1_166' title='bbox 992 1798 1162 1828; x_wconf 86' lang='lat' dir='ltr'><strong>vocatur.</strong></span> <span class='ocrx_word' id='word_1_167' title='bbox 1223 1790 1287 1830; x_wconf 81' lang='lat' dir='ltr'><strong>Ex</strong></span> <span class='ocrx_word' id='word_1_168' title='bbox 1325 1790 1383 1829; x_wconf 88' lang='lat' dir='ltr'><strong>his</strong></span> 
     </span>
     <span class='ocr_line' id='line_1_24' title="bbox 266 1858 1386 1898; baseline 0.001 -1"><span class='ocrx_word' id='word_1_169' title='bbox 266 1870 358 1897; x_wconf 90' lang='lat' dir='ltr'><strong>vero</strong></span> <span class='ocrx_word' id='word_1_170' title='bbox 399 1859 622 1897; x_wconf 79' lang='lat' dir='ltr'><strong>introductis</strong></span> <span class='ocrx_word' id='word_1_171' title='bbox 678 1859 934 1898; x_wconf 88' lang='lat' dir='ltr'><strong>contractibus</strong></span> <span class='ocrx_word' id='word_1_172' title='bbox 980 1858 1221 1897; x_wconf 83' lang='lat' dir='ltr'><strong>innominatis</strong></span> <span class='ocrx_word' id='word_1_173' title='bbox 1274 1858 1386 1898; x_wconf 88' lang='lat' dir='ltr'><strong>uber·</strong></span> 
     </span>
     <span class='ocr_line' id='line_1_25' title="bbox 266 1928 1383 1979; baseline 0.001 -12"><span class='ocrx_word' id='word_1_174' title='bbox 266 1929 381 1967; x_wconf 88' lang='lat' dir='ltr'><strong>rimos</strong></span> <span class='ocrx_word' id='word_1_175' title='bbox 405 1930 571 1978; x_wconf 75' lang='lat' dir='ltr'><strong>percepit</strong></span> <span class='ocrx_word' id='word_1_176' title='bbox 596 1928 743 1967; x_wconf 90' lang='lat' dir='ltr'><strong>fructus</strong></span> <span class='ocrx_word' id='word_1_177' title='bbox 762 1928 1056 1979; x_wconf 88' lang='lat' dir='ltr'><strong>jurisprudentia</strong></span> <span class='ocrx_word' id='word_1_178' title='bbox 1079 1929 1274 1977; x_wconf 85' lang='lat' dir='ltr'><strong>Romana,</strong></span> <span class='ocrx_word' id='word_1_179' title='bbox 1296 1939 1383 1968; x_wconf 88' lang='lat' dir='ltr'><strong>nam</strong></span> 
     </span>
     <span class='ocr_line' id='line_1_26' title="bbox 267 1998 1388 2048; baseline 0.001 -11"><span class='ocrx_word' id='word_1_180' title='bbox 267 1998 379 2038; x_wconf 89' lang='lat' dir='ltr'><strong>nimis</strong></span> <span class='ocrx_word' id='word_1_181' title='bbox 401 1999 492 2037; x_wconf 89' lang='lat' dir='ltr'><strong>arcti</strong></span> <span class='ocrx_word' id='word_1_182' title='bbox 513 1999 602 2037; x_wconf 89' lang='lat' dir='ltr'><strong>fines</strong></span> <span class='ocrx_word' id='word_1_183' title='bbox 624 1999 720 2048; x_wconf 86' lang='lat' dir='ltr'><strong>juris</strong></span> <span class='ocrx_word' id='word_1_184' title='bbox 756 1999 881 2046; x_wconf 80' lang='lat' dir='ltr'><strong>quoad</strong></span> <span class='ocrx_word' id='word_1_185' title='bbox 915 1998 1210 2038; x_wconf 89' lang='lat' dir='ltr'><strong>conventionum</strong></span> <span class='ocrx_word' id='word_1_186' title='bbox 1245 1998 1388 2038; x_wconf 85' lang='lat' dir='ltr'><strong>doctri·</strong></span> 
     </span>
     <span class='ocr_line' id='line_1_27' title="bbox 269 2067 1383 2118; baseline -0.001 -10"><span class='ocrx_word' id='word_1_187' title='bbox 269 2080 352 2108; x_wconf 89' lang='lat' dir='ltr'><strong>nam</strong></span> <span class='ocrx_word' id='word_1_188' title='bbox 374 2068 491 2117; x_wconf 80' lang='lat' dir='ltr'><strong>magis</strong></span> <span class='ocrx_word' id='word_1_189' title='bbox 515 2068 652 2108; x_wconf 76' lang='lat' dir='ltr'><strong>extensi</strong></span> <span class='ocrx_word' id='word_1_190' title='bbox 682 2067 794 2117; x_wconf 85' lang='lat' dir='ltr'><strong>sunt,</strong></span> <span class='ocrx_word' id='word_1_191' title='bbox 821 2077 858 2108; x_wconf 93' lang='lat' dir='ltr'><strong>et</strong></span> <span class='ocrx_word' id='word_1_192' title='bbox 889 2077 996 2118; x_wconf 90' lang='lat' dir='ltr'><strong>pacta</strong></span> <span class='ocrx_word' id='word_1_193' title='bbox 1032 2070 1214 2109; x_wconf 88' lang='lat' dir='ltr'><strong>hactenus</strong></span> <span class='ocrx_word' id='word_1_194' title='bbox 1252 2069 1383 2117; x_wconf 86' lang='lat' dir='ltr'><strong>nuda,</strong></span> 
     </span>
    </p>

    <p class='ocr_par' dir='ltr' id='par_1_3' title="bbox 1307 2137 1384 2178">
     <span class='ocr_line' id='line_1_28' title="bbox 1307 2137 1384 2178; baseline 0.026 -2"><span class='ocrx_word' id='word_1_195' title='bbox 1307 2137 1384 2178; x_wconf 87' lang='lat' dir='ltr'><strong>vim</strong></span> 
     </span>
    </p>

    <p class='ocr_par' dir='ltr' id='par_1_4' title="bbox 304 2227 1379 2268">
     <span class='ocr_line' id='line_1_29' title="bbox 304 2227 1379 2268; baseline -0.001 -9"><span class='ocrx_word' id='word_1_196' title='bbox 304 2230 360 2268; x_wconf 88' lang='grc' dir='ltr'><strong>(ι)</strong></span> <span class='ocrx_word' id='word_1_197' title='bbox 380 2230 428 2258; x_wconf 91' lang='lat' dir='ltr'><strong>De</strong></span> <span class='ocrx_word' id='word_1_198' title='bbox 448 2230 507 2259; x_wconf 88' lang='lat' dir='ltr'><strong>hoc</strong></span> <span class='ocrx_word' id='word_1_199' title='bbox 526 2229 594 2258; x_wconf 84' lang='lat' dir='ltr'><strong>viro</strong></span> <span class='ocrx_word' id='word_1_200' title='bbox 612 2228 731 2263; x_wconf 79' lang='lat' dir='ltr'><strong>Traiani</strong></span> <span class='ocrx_word' id='word_1_201' title='bbox 747 2228 865 2265; x_wconf 83' lang='lat' dir='ltr'><strong>aequali</strong></span> <span class='ocrx_word' id='word_1_202' title='bbox 890 2227 957 2258; x_wconf 84' lang='lat' dir='ltr'><strong>vid.</strong></span> <span class='ocrx_word' id='word_1_203' title='bbox 983 2227 1146 2257; x_wconf 82' lang='lat' dir='ltr'><strong>Plinius</strong></span> <span class='ocrx_word' id='word_1_204' title='bbox 1166 2228 1205 2256; x_wconf 85' lang='lat' dir='ltr'><strong>L.</strong></span> <span class='ocrx_word' id='word_1_205' title='bbox 1219 2228 1313 2266; x_wconf 54' lang='grc' dir='ltr'><strong>ΒΕ».</strong></span> <span class='ocrx_word' id='word_1_206' title='bbox 1330 2236 1379 2260; x_wconf 80' lang='lat'><strong>22·</strong></span> 
     </span>
    </p>

    <p class='ocr_par' dir='ltr' id='par_1_5' title="bbox 270 2283 1251 2325">
     <span class='ocr_line' id='line_1_30' title="bbox 270 2283 1251 2325; baseline -0.001 -8"><span class='ocrx_word' id='word_1_207' title='bbox 270 2296 300 2318; x_wconf 85' lang='lat' dir='ltr'><strong>et</strong></span> <span class='ocrx_word' id='word_1_208' title='bbox 321 2287 487 2317; x_wconf 84' lang='lat' dir='ltr'><strong>Pothier</strong></span> <span class='ocrx_word' id='word_1_209' title='bbox 508 2288 543 2316; x_wconf 82' lang='lat' dir='ltr'><strong>ad</strong></span> <span class='ocrx_word' id='word_1_210' title='bbox 562 2287 650 2318; x_wconf 73' lang='lat' dir='ltr'><strong>Pand.</strong></span> <span class='ocrx_word' id='word_1_211' title='bbox 673 2286 796 2317; x_wconf 73' lang='lat' dir='ltr'><strong>Tom01.</strong></span> <span class='ocrx_word' id='word_1_212' title='bbox 813 2294 843 2323; x_wconf 86' lang='lat' dir='ltr'><strong>p.</strong></span> <span class='ocrx_word' id='word_1_213' title='bbox 856 2293 905 2323; x_wconf 80' lang='lat'><strong>29.</strong></span> <span class='ocrx_word' id='word_1_214' title='bbox 923 2286 974 2316; x_wconf 82' lang='lat' dir='ltr'><strong>ed.</strong></span> <span class='ocrx_word' id='word_1_215' title='bbox 993 2286 1132 2316; x_wconf 83' lang='lat' dir='ltr'><strong>Bruxell.</strong></span> <span class='ocrx_word' id='word_1_216' title='bbox 1151 2283 1251 2325; x_wconf 34' lang='lat' dir='ltr'><strong>int-³·</strong></span> 
     </span>
    </p>
   </div>
  </div>
 </body>
</html>
