1483 2860
396 276 902 318 LITERARIA.
1125 288 1192 327 ιρι

91 410 125 434 3,
153 386 278 424 ducias
294 415 307 432 .,
331 397 428 424 nova
454 386 547 423 bella
562 414 580 439 ⁹⁷
602 386 743 424 tributa
782 397 859 424 non
892 384 1115 432 habituros,
1140 385 1199 423 ni-

91 483 123 502 „
151 455 176 493 fi
216 468 310 503 quae
337 454 492 493 universi
518 454 720 503 jussissent.
775 456 818 493 In
853 455 1092 493 societatibus
1111 466 1200 492 con-

93 553 125 573 „
147 525 331 563 trahendis
353 533 389 562 et
413 524 565 561 caeteris
590 524 926 563 consultationibus
948 525 1102 563 valitura
1126 535 1202 563 tna·

93 623 125 642 „
149 594 243 643 ioris
270 594 385 642 partis
413 592 582 642 suffragia
609 603 645 631 et
674 594 700 632 fi
727 605 799 642 qua
826 593 971 633 dissidia
993 595 1202 640 orirentur,

92 693 124 711 „
151 664 196 701 de
227 663 273 701 iis
297 663 481 710 concilia,
508 672 571 701 aut
603 663 875 711 praefectorum
898 663 1079 713 judicium
1105 662 1202 700 fore.

95 761 127 781 „
154 732 310 780 Objecta
343 733 515 770 hostibus
549 732 811 780 munirentur,
850 744 921 770 neu
959 733 1045 780 quis
1072 732 1206 781 praefi·

93 829 127 849 ω
152 802 253 840 dium
297 801 502 848 recusaret,
541 802 744 849 darentque
781 813 928 850 operam
974 800 1136 850 singuli,
1162 810 1206 839 ut

90 899 126 919 0,
150 871 194 909 in
227 871 379 909 tributis
410 880 446 908 et
481 870 625 908 nummi
663 870 785 918 pretio
821 870 1019 918 aequalitas
1049 869 1207 910 servare·

99 967 131 988 „
157 949 232 978 tur.
287 940 481 978 Houandis
517 940 790 987 Zeelandisque
810 939 871 977 sua
904 948 940 978 et
967 951 1038 978 una
1065 941 1103 978 in
1136 952 1207 990 pu·

99 1037 132 1056 „
159 1009 295 1047 blicum
326 1010 480 1057 religi0‚
521 1010 670 1048 caeteris
703 1010 917 1048 nationibus
952 1011 1127 1058 eandem,
1162 1021 1210 1050 an

50 1100 62 1113 ⁴
100 1106 132 1125 ‚,
159 1080 332 1125 alteram,
361 1090 405 1116 an
432 1089 623 1126 utramque
655 1080 803 1116 mallent
822 1108 835 1126 ,
862 1079 1021 1128 ipsarum
1057 1080 1211 1119 arbitrio

92 1176 132 1196 .„
158 1147 457 1196 permittebatur.
519 1147 651 1185 Adacti
686 1148 724 1184 in
761 1149 848 1186 haec
874 1148 984 1186 verba
1018 1157 1211 1196 rectores,

91 1245 134 1264 .„
152 1218 419 1265 magistratu&
445 1217 635 1256 confilium
661 1219 845 1266 cuiusque
871 1217 976 1256 urbis
1012 1227 1049 1255 et
1082 1218 1213 1257 sodali·

104 1315 135 1333 ‚‚
160 1287 300 1326 tates.”

95 1356 97 1358 ’
150 1355 278 1406 HuJus
314 1356 472 1395 foederis
488 1385 501 1400 ,
529 1368 605 1405 quo
632 1357 761 1395 deinde
800 1356 915 1395 innisa
941 1366 997 1395 est
1021 1357 1212 1406 Belgarum

94 1425 335 1476 respublica,
362 1438 446 1463 cum
485 1424 612 1473 primis
644 1426 870 1465 Gulielm
886 1438 940 1465 us
979 1436 1110 1466 auctor
1153 1426 1218 1464 ha-

106 1495 249 1534 bendus
285 1504 356 1533 est.
409 1496 495 1544 Qua
522 1507 561 1533 re
593 1507 720 1534 omnes
752 1496 869 1545 Belgii
896 1496 1020 1543 cives,
1047 1495 1217 1544 aequales

95 1575 182 1603 anon
209 1573 351 1601 mantum
371 1592 384 1610 ‚
411 1576 539 1603 verum
563 1564 669 1603 etiam
696 1574 869 1613 posteros
884 1594 898 1613 ,
923 1566 1120 1605 immortali
1149 1566 1216 1604 be-

108 1633 243 1672 neficio
265 1632 460 1671 obstrinxit
488 1634 570 1682 (1).

1122 1707 1159 1753 §-
1179 1717 1215 1755 3.

153 1833 206 1869 (ι)
228 1833 347 1867 Operae
383 1831 514 1868 pretium
541 1839 606 1866 est,
642 1838 674 1860 ut
709 1831 796 1866 ipfius
834 1831 1034 1860 Gulielmi
1060 1830 1091 1859 in
1126 1832 1218 1866 Apol.

108 1898 168 1919 cet.
190 1897 257 1925 Pag-
278 1891 342 1923 158.
365 1890 402 1917 de
419 1891 472 1917 hac
499 1897 530 1917 re
549 1888 678 1918 dicentis
699 1889 791 1917 verba
807 1889 865 1917 hoc
885 1890 954 1917 loco
981 1887 1220 1919 transcribamus.

102 1966 136 1983 f..
158 1947 198 1981 Sy
221 1946 332 1975 vinden
349 1953 401 1980 uyt
425 1947 590 1974 der-maete
613 1948 713 1975 kwaet
737 1947 774 1974 de
798 1946 1035 1980 versamelizzghe
1058 1947 1135 1974 ende
1152 1954 1221 1974 ver-

104 2024 136 2041 7„
155 2004 332 2038 gader-inune
355 2010 412 2031 van
435 2003 472 2030 de
499 2003 743 2036 ghedeputeerde
762 2010 820 2031 van
845 2003 989 2031 ettelicke
1016 2003 1117 2030 stedcn
1135 2003 1221 2030 'ende

111 2080 136 2096 „
156 2061 264 2092 landen
288 2060 397 2087 binnen
421 2060 475 2086 der
501 2059 570 2086 stadt
595 2066 651 2086 van
675 2060 828 2094 Wtrecht,
858 2066 908 2086 om
936 2059 1033 2087 aldaer
1047 2066 1108 2086 een
1135 2058 1224 2086 nieu-

115 2135 140 2153 ‚,
160 2125 206 2146 we
234 2115 442 2146 confederatie
468 2117 544 2143 ende
569 2115 788 2144 verbintenissc
806 2123 836 2145 te
863 2123 964 2144 tamen
987 2116 1065 2143 ende
1093 2122 1122 2143 te
1148 2115 1225 2148 ssuy·

114 2193 142 2210 ,‚
162 2181 232 2213 ten,
261 2181 321 2202 etc.
359 2174 443 2201 Maer
470 2180 522 2206 uyt
544 2179 603 2201 wat
624 2172 794 2201 oorsaken?
824 2181 874 2202 om
901 2174 950 2201 dat
972 2172 1002 2201 se
1029 2179 1108 2201 voor
1134 2178 1226 2207 quaet

108 2248 142 2267 ,,,
161 2231 281 2270 ὴουρεη
311 2231 367 2258 alle
392 2229 414 2258 't
433 2236 514 2264 gene
537 2230 586 2258 dat
603 2237 664 2258 ons
692 2230 790 2259 lieder
811 2237 884 2265 goet
907 2228 950 2264 is,
980 2229 1058 2256 ende
1091 2228 1226 2257 rekenen

119 2304 145 2323 2,
164 2294 210 2317 tot
229 2288 313 2315 haret
340 2287 446 2316 §chade
473 2287 550 2316 ende
573 2286 768 2316 verder-frenis
791 2294 822 2315 te
846 2285 977 2320 dienen,
1011 2284 1035 2313 't
1057 2285 1153 2319 ghene
1177 2284 1227 2311 dat

113 2362 147 2385 ¹„
166 2352 221 2375 um
248 2344 343 2373 nedet
362 2344 476 2373 behout
501 2344 578 2374 ende
605 2345 747 2373 welvaut
774 2342 812 2373 is.
856 2334 1043 2377 Zy'hadden
1067 2342 1125 2371 alle
1156 2340 1226 2368 hare

1172 2398 1227 2424 ho·
