1483 2860
281 211 308 250 4
584 199 1095 243 INTROITUS.

287 319 381 356 quae
401 316 458 347 est
479 309 641 349 civitatis
664 310 827 359 scopus,
853 310 941 349 hinc
964 311 1065 350 cives
1098 310 1137 350 vi
1173 319 1321 350 externa
1351 310 1398 349 ad

283 376 365 417 suas
390 379 636 428 obligationes
673 380 877 429 implendas
901 383 985 430 cogi
1013 379 1163 419 debent.
1217 382 1322 430 Ergo
1348 381 1401 417 le-

287 459 351 496 ges
377 450 469 488 latae
495 449 605 498 sunt,
633 462 728 498 quae
752 449 1000 499 obligationes
1018 479 1031 497 ,
1058 450 1307 489 definiverunt
1323 460 1399 495 ‚ex

288 517 428 565 quibus
465 517 524 556 vis
564 519 722 567 cogendi
769 519 942 558 oriretur.
997 522 1171 558 Attamen
1209 530 1287 558 non
1322 531 1402 557 om-

285 585 389 624 nium
419 587 541 634 legum
581 588 727 626 eaedem
757 588 825 626 hac
858 589 903 627 de
936 600 975 626 re
998 587 1082 626 sunt
1107 587 1402 637 dispofitiones‚

286 654 348 693 sed
390 654 533 705 saepius
567 657 706 696 diversa
742 656 976 697 sanciverunt
1013 657 1225 707 principia,
1253 668 1348 706 quae
1385 667 1406 694 e

277 718 428 764 'diversa
448 727 613 775 gentium
637 727 762 767 indole
786 736 823 766 et
841 729 1009 767 moribus
1036 727 1215 777 explicari
1244 727 1402 766 debent:

281 795 498 852 ,exemplum
524 797 635 835 nobis
663 797 838 846 praebent
862 799 925 848 jus
941 799 1154 843 Romanum
1180 806 1217 835 et
1247 797 1409 835 Hodier-

282 874 405 919 -numt
432 857 530 904 circa
554 867 847 906 conventionum
874 867 970 905 enim
989 868 1176 912 materiam
1192 876 1406 915 ,utrumque

283 932 348 983 jus
362 933 401 971 in
411 934 538 973 multis
559 936 736 974 convenit
750 964 764 984 ‚
792 936 832 974 in
855 936 938 974 aliis
973 945 1095 975 tamen
1114 947 1229 975 unum
1252 936 1299 974 ab
1319 938 1410 975 alte·

282 991 332 1051 fro
355 1003 466 1052 longe
488 1005 642 1045 recedit.
668 1006 761 1045 Non
775 1006 890 1056 igitur
902 1006 1062 1045 utilitate
1083 1006 1223 1045 carebit
1243 1006 1410 1055 inquire-

281 1060 325 1109 re
359 1071 400 1111 in
430 1073 630 1113 discrimen
663 1084 700 1114 et
739 1076 1040 1115 convenientiam
1087 1076 1286 1125 utriusque
1313 1077 1409 1127 juris

283 1141 384 1187 circa
413 1143 597 1194 principia
623 1154 660 1184 et
696 1146 946 1194 generaliores
981 1147 1274 1186 conventionum
1299 1146 1408 1184 effec-

283 1218 365 1258 tus.
419 1212 474 1253 Ut
504 1226 594 1253 vero
631 1216 761 1256 ordine
802 1219 963 1266 quodam
1000 1217 1040 1255 in
1080 1218 1148 1256 hac
1179 1216 1411 1265 disquifitio-

284 1292 336 1332 ne
370 1286 645 1333 procedamus,
673 1286 795 1335 capite
819 1290 939 1339 primo
962 1287 1158 1326 dicendum
1181 1287 1250 1325 erit
1281 1288 1328 1325 de
1352 1286 1409 1324 di-

281 1350 387 1397 ‚versa
412 1353 583 1401 ratione,
621 1367 696 1404 qua
733 1356 774 1394 in
811 1366 974 1405 utroque
1007 1358 1091 1406 Jure
1130 1356 1322 1407 progressa
1351 1365 1410 1395 est

282 1420 577 1472 jurisprudentia
610 1424 650 1464 in
686 1425 893 1465 definienda
933 1426 1228 1465 conventionum
1266 1426 1408 1465 format

284 1481 409 1547 'capite
446 1493 607 1540 secundo
648 1496 695 1535 de
745 1497 792 1535 iis
828 1509 923 1545 quae
956 1497 1198 1544 requiruntur
1237 1498 1283 1535 ad
1318 1508 1410 1535 con·

283 1553 509 1618 istituendam
554 1564 821 1614 obligationem
853 1579 902 1606 ex
950 1567 1200 1605 conventione
1235 1567 1274 1605 in
1305 1576 1409 1606 utro-

287 1642 364 1682 que
383 1634 490 1681 J'ure:
518 1636 639 1684 capite
671 1636 834 1685 denique
871 1640 985 1676 tertio
1013 1638 1059 1677 de
1095 1636 1292 1676 effectibus
1319 1649 1410 1677 con-

287 1701 507 1760 ventionum
532 1714 603 1754 gen
616 1704 853 1746 eralioribus.

1302 2342 1406 2381 CA.
