1483 2860
277 256 329 302 ir
496 247 1172 303 co‘MMENTATro

276 372 410 420 vertit,
438 379 673 420 quantopere
700 369 883 418 Philip
900 380 924 417 p
939 379 996 407 us
1021 369 1096 406 hoc
1110 366 1289 416 rescripto
1303 366 1404 406 ordi-

278 441 391 479 nibus
419 443 564 490 placere
595 439 790 478 studuerit.
844 439 918 478 Sed
955 439 1094 487 cuique
1129 432 1241 475 etia-m'
1263 436 1407 485 perspi·-

279 522 392 549 cuum
431 510 514 548 fore
538 510 724 556 arbitror,
755 509 859 556 quod
885 517 1041 547 eventus
1066 518 1220 556 quoque
1245 506 1375 544 docuit
1391 524 1407 552 ‚·

280 593 392 628 quam
418 589 526 618 acute
558 591 624 618 eos
653 579 826 628 decipere
852 589 1011 617 conatus
1037 578 1097 616 fit.
1151 578 1281 616 Paullo
1320 584 1410 624 post

280 650 364 688 Rex
379 664 395 697 ‚¹
430 650 660 689 Gulielmum
698 648 839 688 frustra
885 650 1116 695 adhortans,
1165 656 1208 686 ut
1246 645 1410 684 haeresin

282 719 460 759 omnibus
494 720 633 758 modist
656 720 855 768 exagitaret
883 729 924 757 ac
961 717 1178 768 profligaret
1194 746 1207 766 ,
1234 716 1412 756 conscen-

283 789 318 828 fa
341 790 686 839 navi-Hispaniam
714 789 850 839 petivit
875 790 960 840 (1).

794 941 832 989 §.
880 950 918 989 7.

339 1069 441 1109 Cum
474 1068 584 1113 Rex,
612 1067 744 1105 relicto
785 1066 916 1115 Belgio
933 1095 947 1114 ‚
975 1065 1014 1105 in
1052 1064 1272 1115 Hispaniam
1300 1065 1418 1112 profi-

287 1139 488 1178 cisceretur
507 1167 520 1185 ‚
544 1124 877 1185 GuHeImus,
905 1137 971 1185 qui
1003 1137 1129 1174 omnia
1166 1137 1212 1174 de
1248 1135 1417 1183 republi-

287 1221 330 1248 ca
358 1210 543 1258 praeclara
575 1217 690 1256 atque
721 1207 869 1257 egregia
897 1207 1102 1255 sentiebat,
1142 1207 1180 1246 in
1220 1206 1414 1244 meliorem

289 1281 430 1329 patriae
471 1279 597 1317 salutis
646 1278 746 1326 spem
784 1279 967 1317 adductus
1010 1286 1082 1316 est.
1163 1276 1419 1326 Margari·
1478 1310 1482 1315 .

285 1350 395 1386 riam
416 1337 655 1386 summas'res
690 1355 877 1385 tenentem
907 1358 993 1384 cum
1023 1348 1221 1395 Belgarum
1249 1336 1419 1394 proeeri-

287 1419 394 1466 bus,
434 1420 480 1457 de
510 1417 680 1456 maximis
710 1417 824 1455 rebus
852 1416 1006 1455 confilia
1027 1416 1202 1455 inituram
1230 1416 1414 1465 sperabat.

290 1490 404 1539 Quae
417 1488 500 1537 spes
527 1496 650 1525 tamen
667 1487 907 1526 vehementer
932 1498 1016 1524 eum
1045 1486 1199 1526 fefellit.
1226 1486 1424 1535 Marga·
1454 1534 1458 1540 Ι

291 1560 420 1613 rita·⁹
435 1559 588 1596 nomine
617 1557 768 1606 quidem
784 1556 949 1595 civitatis
969 1557 1263 1606 gubernaculum
1287 1553 1421 1595 tracta-
1480 1547 1483 1553 ⁴

295 1622 388 1678 batg.
439 1628 501 1667 sed
527 1640 654 1667 revera
685 1637 721 1666 et
749 1627 850 1666 facto
882 1617 1199 1675 Perenotu's,
1226 1619 1421 1678 Barlai·

289 1712 332 1738 -m
347 1711 370 1737 o
384 1710 408 1737 n
424 1699 463 1737 ti
477 1711 532 1738 us
560 1707 597 1736 et
610 1698 672 1737 Vi
682 1710 706 1747 g
718 1698 755 1736 li
770 1710 843 1745 us,
859 1698 926 1745 qui
942 1698 1039 1747 regis
1057 1698 1248 1737 molimina
1263 1698 1420 1737 omnino
1467 1733 1470 1736 .

294 1769 594 1819 comprobabant
610 1797 624 1816 ‚
641 1769 809 1817 Belgium
832 1768 1134 1808 moderabantur.
1186 1769 1313 1819 Quare
1327 1769 1425 1808 nihil

286 1840 488 1890 *antiquius
525 1831 657 1877 habuit
692 1839 730 1878 G
745 1838 925 1877 ulielm
941 1851 993 1878 us
1012 1866 1026 1886 ‚
1067 1850 1179 1887 quam
1199 1826 1286 1886 ut,
1334 1840 1370 1879 E
1384 1851 1426 1888 g-

297 1910 441 1947 mond
455 1909 466 1946 i
481 1908 716 1956 aliorumque
739 1920 940 1957 procerum
965 1921 1038 1957 ope
1053 1936 1066 1955 ‚
1081 1910 1228 1948 illorum
1254 1893 1424 1949 virorum

292 1979 374 2017 vvim
397 1978 593 2027 *frangeret
643 1980 858 2025 malumque
906 1979 1081 2017 minitans
1123 1988 1320 2019 averteret.
1379 1982 1423 2020 In

298 2059 373 2096 qua
411 2060 450 2085 re
483 2046 733 2095 perficienda,
761 2047 854 2104 quid
887 2048 1065 2086 miremur
1087 2048 1203 2099 magis
1237 2050 1427 2098 ardorem·
1456 2062 1483 2082 v,

301 2128 348 2156 ne
388 2128 589 2165 rerumque
624 2118 821 2156 arduarum
858 2126 896 2156 et
929 2118 1135 2160 difficilium
1176 2107 1424 2166 voluntariam

1385 2201 1431 2231 80

341 2297 396 2334 (ι)
417 2297 492 2328 vid.
515 2295 616 2325 Leyen
639 2301 719 2337 caet.
740 2295 783 2326 11.
806 2303 874 2332 pag.
901 2303 968 2331 πει.
