1483 2860
271 212 320 249 ²4³
499 193 1162 239 COMMENTATIO

264 336 297 358 „
322 316 492 357 tempore
535 304 846 347 commerciorum
889 301 1260 352 paucitas‚·eivium
1294 309 1387 350 pana-

260 392 293 427 ,·‚
315 386 472 427 pertas,
519 386 665 415 morum
705 369 933 422 ssmplicitas.
988 372 1257 412 Verumtamen
1290 370 1384 418 hae,

266 476 298 497 „
314 456 363 487 ‘et
388 447 416 485 fi
449 457 543 495 quae
566 446 657 484 aliae
692 450 795 482 erant
818 439 932 493 hujus
960 442 1014 482 rei
1051 442 1242 490 rationes,
1267 440 1387 483 cessa.

264 546 296 567 „
324 526 413 556 runt
443 516 563 555 auctis
577 514 732 565 ,divitiis
769 523 808 553 et
839 512 1074 552 commerciis
1109 512 1383 552 Romanorum.

256 615 291 637 „
318 589 352 626 E
377 587 479 625 nudo
507 594 628 624 tamen
649 593 760 634 pacto
777 584 877 623 actio
901 585 983 622 data
998 582 1072 621 fuit
1087 594 1305 632 numquam.
1329 604 1382 618 ..-

263 686 288 706 ,,
313 657 441 708 Quum
470 667 558 693 vero
585 654 717 693 mutati
741 664 866 693 mores
887 654 950 703 J‘us
973 653 1068 691 illud
1090 651 1385 693 vetustisfimum

262 756 294 777 ‚‚
320 738 399 766 non
421 726 530 765 facile
557 724 695 763 ferrent
709 752 724 771 ‚
750 731 858 772 pacta
882 723 1062 761 nonnulla
1085 722 1169 771 lege.
1187 729 1252 762 aut
1272 720 1387 762 Edic·

261 825 294 847 ‚,
321 806 363 835 to
396 795 581 836 Praetoris
607 795 764 834 fuerunt
788 792 1033 841 confirmata,
1060 803 1156 840 quae
1193 800 1237 830 ut
1267 791 1387 831 actio-

262 896 295 916 „
320 878 404 905 nem
449 866 725 914 producerent,
771 863 923 911 publice
959 862 999 900 in
1035 861 1167 911 primis
1209 859 1385 903 interesse

260 965 293 986 ‚,
320 936 529 975 videbatur.
581 934 627 973 In
658 933 718 972 his
743 941 866 971 tamen
890 931 979 980 ipfis
1008 943 1029 970 a
1055 931 1153 982 juris
1183 930 1383 980 principiis

261 1034 294 1056 ‚‚
319 1015 400 1046 non
432 1004 676 1044 recesserunt.
729 1003 773 1042 In
809 1001 1015 1041 constituto
1050 1013 1091 1042 v.
1118 1012 1155 1042 c.
1178 1001 1227 1043 de
1257 1000 1384 1043 animo

259 1105 294 1126 ‚‚
319 1076 522 1116 deliberato
555 1073 758 1123 conspicue
783 1071 951 1112 constare
973 1070 1220 1120 censebatur3
1247 1079 1285 1111 et
1313 1071 1387 1120 hy,

257 1174 294 1196 „
321 1147 483 1197 potheca
531 1144 689 1185 invaluit
712 1145 759 1184 ad
783 1143 994 1192 exemplum
1028 1140 1214 1191 fiduciae,
1251 1142 1386 1183 omissa

261 1244 294 1267 ‚,
321 1226 466 1256 tantum
506 1214 699 1262 cessione,
747 1216 808 1254 vel
839 1213 1129 1262 mancipatione.
1179 1236 1232 1244 --
1269 1212 1384 1252 Nuda

262 1314 295 1335 ‚‚
322 1296 479 1335 quoque
501 1286 620 1336 pacta'
635 1284 825 1333 obligandi
855 1284 931 1323 vim
957 1283 1123 1322 nancisci
1146 1291 1353 1332 coeperunt
1369 1308 1385 1330 ‚

259 1382 293 1406 ‚,
321 1354 471 1404 quoties
506 1356 599 1394 alter
626 1354 926 1394 contrahentium
958 1353 1042 1393 suae
1067 1353 1291 1403 obligationi
1309 1354 1384 1403 jam

260 1453 294 1475 ,‚
318 1423 568 1466 satisfecisset.
631 1426 731 1464 Hinc
771 1433 986 1464 contractus
1022 1424 1262 1470 innominati,
1329 1423 1384 1462 Hi

262 1524 294 1545 „
316 1505 443 1534 autem
489 1507 511 1534 a
551 1495 753 1534 nominatis
800 1495 933 1534 diversi
980 1494 1190 1536 manserunt
1224 1494 1382 1543 semper.

261 1592 293 1615 ,‚
319 1565 503 1606 Universe
534 1565 643 1604 etiam
671 1565 747 1614 ipsa
773 1566 872 1604 nuda
897 1573 1005 1614 pacta
1027 1565 1104 1603 vim
1132 1573 1383 1613 acceperunt,

261 1662 295 1686 „
321 1648 440 1684 quum
476 1637 629 1675 Praetor
660 1647 702 1674 ea
737 1634 774 1675 se
806 1633 1037 1674 servaturum
1074 1635 1300 1684 pollicitus,
1339 1646 1385 1674 ex

263 1734 294 1756 „
322 1707 370 1745 iis
397 1705 656 1756 exceptionem
678 1707 764 1745 dare
790 1706 940 1745 soleret.

312 1805 345 1825 ‚‚
371 1777 522 1816 Mutata
561 1776 782 1815 commercia
825 1785 1109 1825 nonnumquam
1149 1774 1383 1824 effecerunt,

264 1873 296 1894 ‚‚
323 1856 367 1884 ut
406 1854 666 1885 contractuum
706 1846 815 1886 etiam
859 1848 1128 1886 nonnullorum
1168 1847 1240 1886 alia
1283 1847 1380 1889 ratio

264 1941 298 1963 ‚‚
325 1915 445 1954 fieret.
498 1916 553 1955 Ita
584 1925 707 1955 tamen
739 1917 807 1954 hae
830 1915 1107 1956 immutationes
1133 1916 1254 1957 factae
1276 1916 1383 1966 sunt,

263 2012 295 2033 ‚,
322 1994 365 2024 ut
396 1985 548 2034 antiqua
570 1983 706 2024 servata
741 1985 856 2025 fuerit
882 1995 1098 2026 contractus
1136 1988 1296 2027 indoles.
1321 2010 1381 2022 --

263 2082 295 2104 „
323 2054 378 2094 Ut
410 2054 531 2094 stricte
562 2056 654 2094 adeo
683 2055 845 2096 solennia
869 2057 1125 2108 interrogandi
1151 2060 1382 2108 responden-

263 2151 296 2174 „
323 2124 436 2173 dique
466 2125 578 2165 verba
609 2126 647 2164 in
682 2126 918 2176 stipulatione
951 2127 1265 2179 observarentur,
1301 2116 1380 2169 non

263 2222 295 2242 ‚‚
322 2195 411 2233 tulit
438 2197 745 2236 commerciorum
771 2198 946 2248 deinceps
971 2200 1081 2240 ratio.
1145 2198 1382 2241 Suffeeenmt

263 2264 434 2314 „igitur
475 2267 627 2315 quaevis
666 2268 808 2316 verba,
847 2262 987 2319 quibus
1022 2269 1220 2310 consensus
1256 2272 1380 2320 expri-

1255 2368 1278 2390 η
1304 2352 1381 2380 me·
