1483 2860
402 141 841 192 JURIDICA.
1138 151 1184 190 5⁷

75 253 174 293 mine
204 262 241 292 et
274 253 395 293 forma
427 261 640 292 contractus
666 261 817 297 carent,
845 250 906 288 sed
942 260 1072 289 omnes
1095 260 1190 289 con-

71 323 264 362 ventiones
295 322 575 373 significantur,
619 334 711 370 quas
747 321 896 359 traditio
931 322 1096 359 nondum
1134 320 1188 358 se·

70 402 158 433 cuta
197 402 253 432 est
294 395 378 444 (1).
451 395 519 433 Per
563 393 849 431 conventionem
889 391 1005 440 igitur
1037 391 1098 439 jus
1141 391 1189 429 ad

71 475 175 512 rem,
213 477 280 514 per
310 464 545 503 traditionem
583 475 673 501 vero
707 464 769 512 J'us
809 462 847 500 in
881 473 918 499 re
948 460 1188 508 consequor,

70 535 162 573 adeo
198 543 240 573 ut
270 537 394 584 prlore
423 533 507 573 casu
546 541 690 571 tantum
729 541 858 571 contra
895 530 1085 581 personam
1122 530 1191 569 mi-

70 605 111 644 hi
145 605 342 654 obligatam
377 615 485 654 agere
524 604 690 653 possim,
733 602 893 641 secundo
937 613 1026 640 vero
1062 608 1192 640 contra

73 686 334 723 quemcunque
368 673 628 724 possessorem,
670 673 720 712 L.
751 685 814 721 72.
841 672 885 710 ff.
912 672 941 710 1.
973 680 1034 720 15.
1066 670 1117 710 C.
1144 671 1190 709 de

71 744 124 784 R.
153 745 270 784 Vind.
300 754 336 784 et
363 747 391 784 1.
421 757 458 794 3.
487 743 529 784 ff.
560 746 604 783 de
631 744 684 783 Ο.
712 752 748 781 et
773 744 823 782 A.
867 743 990 791 CuJus
1014 739 1193 791 principii

71 827 161 854 vero
194 815 226 854 is
262 825 339 854 erat
365 813 549 863 effectus,
578 815 682 863 quod
719 814 772 851 rei
806 811 1001 859 venditae,
1028 822 1106 849 non
1129 822 1194 849 ve-

73 897 115 923 ro
142 885 294 924 traditae
311 913 324 932 ,
351 885 436 924 dein
465 885 576 923 tertio
608 885 740 922 iterum
767 884 966 931 venditae,
994 881 1192 921 accedente

71 965 195 994 tamen
240 955 464 1003 traditione,
516 954 720 993 dominium
761 953 936 992 tranfibat
982 952 1020 990 in
1064 950 1194 991 secun·

72 1025 161 1064 dum
211 1035 417 1071 emtorem,
469 1025 520 1063 ita
566 1034 609 1063 ut
657 1024 761 1073 prior
801 1033 921 1063 emtor
960 1031 1103 1061 tantum
1147 1022 1194 1060 ad

71 1097 244 1134 damnum
276 1104 313 1133 et
339 1094 513 1133 interesse
539 1103 671 1133 contra
714 1094 943 1133 venditorem
973 1103 1080 1142 agere
1105 1101 1197 1140 pos-

71 1164 139 1205 set.
179 1186 235 1195 —
270 1166 305 1204 A
335 1166 459 1213 regula
495 1175 584 1202 vero
621 1163 797 1211 quaedam
836 1161 1074 1209 exceptiones
1107 1170 1196 1209 pro-

71 1244 290 1285 ponuntur:
320 1244 419 1283 patet
446 1235 519 1273 hoc
547 1245 591 1271 ex
629 1233 869 1281 hypothecam
899 1243 981 1270 narn
1015 1242 1072 1268 res
1100 1241 1194 1278 quae

70 1306 302 1354 hypothecae
336 1305 546 1353 obligatur,
599 1314 677 1341 nou
710 1302 868 1340 traditur
902 1300 1104 1348 creditori,
1151 1308 1195 1339 ut

70 1375 139 1414 alia
168 1375 324 1423 pignora
340 1402 352 1422 ,
381 1373 440 1412 sed
464 1384 532 1422 pet·
556 1371 845 1410 conventionem
878 1373 939 1421 jus
975 1370 1014 1408 in
1038 1382 1077 1408 re
1103 1381 1196 1409 con.

71 1443 265 1491 stituitur‚
315 1444 407 1482 adeo
454 1452 497 1482 ut
534 1442 707 1480 >creditor
758 1451 888 1479 contra
931 1449 1194 1488 quemcunque

72 1514 320 1565 possessorem
355 1521 474 1562 agere'
494 1513 612 1562 possit
642 1514 686 1551 ad
720 1524 795 1549 rem
828 1512 1064 1560 hypothecae
1099 1509 1196 1548 obli-

73 1596 193 1634 gatam
227 1583 548 1632 consequendam,
577 1583 746 1632 quamvis
785 1583 818 1619 ei
853 1592 1055 1628 numquam
1084 1580 1196 1619 tradi-

71 1665 108 1694 ta
139 1654 197 1693 fit.
237 1654 286 1692 L.
328 1666 361 1692 1.
404 1653 447 1693 ff.
489 1655 533 1692 de
570 1653 676 1701 pign,
717 1652 863 1690 actione
889 1653 980 1701 (ε).
1032 1650 1073 1689 Si
1109 1649 1195 1698 quis

70 1735 186 1774 porro
227 1735 300 1762 rem
340 1723 407 1762 fibi
441 1735 656 1771 comparare
688 1723 798 1769 vult,
830 1730 865 1759 et
890 1721 990 1768 apud
1024 1732 1107 1758 eum
1132 1731 1196 1758 na-

71 1794 202 1832 turalis
230 1793 414 1843 possessio
442 1802 521 1840 est,
549 1793 646 1831 nuda
676 1791 821 1830 domini
847 1789 1053 1830 voluntatis
1074 1790 1195 1828 decla-

73 1865 166 1904 ratio
202 1865 247 1903 ad
286 1865 336 1901 rei
379 1863 646 1912 proprietatem
697 1861 1003 1900 transferendam,
1033 1858 1194 1907 sufficit,

73 1935 192 1974 veluti
228 1934 257 1974 fi
292 1935 377 1983 quis
405 1945 482 1972 rem
509 1932 616 1972 Titio
642 1932 838 1972 locavisset
860 1960 874 1981 ,
899 1940 963 1970 aut
987 1930 1087 1980 apud
1111 1941 1195 1970 eum

1133 1999 1199 2038 de·

111 2113 166 2150 (ι)
185 2114 236 2144 cf.
265 2113 315 2144 Cs.
332 2121 419 2142 ,νιιι
444 2113 639 2149 wessem,
668 2114 799 2145 Dissert.
830 2114 867 2142 de
896 2112 1005 2142 effectu
1025 2109 1193 2141 traditionis

75 2170 155 2204 Trai.
177 2172 212 2199 nd
230 2171 391 2205 Rhenum,
417 2170 475 2199 A0.
501 2173 588 2200 1820.

114 2228 168 2264 (2)
189 2227 238 2256 cf.
261 2227 478 2263 Heinecc.‚
500 2228 523 2256 Ι.
546 2229 567 2256 1.
590 2227 616 2264 S.
644 2234 710 2263 339-
