1524 2850
299 289 349 331 92
641 282 953 323 ANNOTATA
1003 290 1070 319 nn

299 390 481 429 Praeclara
513 391 638 439 illius,
683 401 790 439 quam
826 390 863 428 in
900 390 1064 428 oratione
1098 387 1405 435 commemoravi,

298 462 476 500 sententia
509 468 586 500 non
619 462 757 510 optime
788 461 953 499 concinit
989 465 1073 497 cuni
1113 455 1284 498 universa
1323 456 1407 496 Viri

297 532 491 578 doctrina,
520 531 606 578 qui:
636 531 696 581 (in
721 540 829 578 opere
849 529 893 568 de
918 529 1044 568 Divis.
1074 528 1176 568 Nat.⁴
1203 527 1308 568 L·.1.
1336 529 1407 568 ini-

297 600 373 648 tio)
416 622 440 648 ς,
467 599 630 639 Videtur
652 599 802 647 mihi,''
839 600 984 648 inquit,
1027 623 1052 647 ,,
1076 598 1206 638 divisio
1241 607 1405 638 naturae

301 698 325 718 „
346 676 417 720 per
445 679 609 720 quatuor
631 668 863 719 differentias
884 677 1049 720 quatuor
1068 670 1197 721 species
1219 669 1403 720 reciperes,-

300 768 326 789 „
350 752 513 790 quarum
543 742 670 790 prima
693 749 744 778 est
759 767 771 786 ‚
812 752 907 789 quac
930 747 1034 779 creat
1064 747 1099 776 et
1129 751 1200 776 non
1222 746 1403 785 creatur,-

301 832 325 858 ·„
352 809 510 849 secunda
527 812 568 847 in
591 822 695 858 eam,
723 822 819 860 quac
838 814 995 847 creatur
1015 818 1050 847 et
1069 817 1197 857 creat,·
1224 809 1341 846 tertia
1364 808 1407 844 in

300 901 325 929 ·„
350 888 430 918 eam
445 908 457 927 ,
485 892 581 931 quae
609 889 765 918 creatur
790 888 826 918 et
850 890 921 917 non
943 887 1076 927 θηται,-
1113 885 1284 928 quarta,
1310 887 1406 925 quae

300 978 325 998 ‚,
351 959 414 988 nec
433 959 561 997 creat,
589 957 652 988 nec
674 948 883 987 creatur-'⁹
935 950 1005 987 Sed
1031 948 1162 985 clarius
1177 975 1191 994 ,
1215 947 1405 995 cujusmo-

298 1020 336 1057 di
361 1019 411 1057 sit
445 1019 566 1067 ipsius
595 1020 640 1056 de
668 1017 750 1055 Deo
784 1015 979 1064 doctrina,
1031 1014 1307 1063 intelligemus,
1358 1013 1405 1052 ad

299 1088 372 1126 hoc
398 1089 623 1126 attendentes
658 1088 738 1137 eJ'us
776 1088 941 1125 dictum:
990 1086 1129 1135 (ejusd.
1170 1097 1236 1133 op.
1277 1083 1410 1122 eodem·

296 1156 439 1205 Libro)
470 1184 495 1205 „
521 1157 612 1195 Cum
636 1157 833 1203 audimus,
860 1157 909 1195 ait
923 1184 937 1203 ‚
961 1154 1084 1194 Deum
1109 1157 1232 1194 omnia
1246 1154 1404 1203 facere,

301 1252 325 1276 ,ς
350 1229 410 1266 nil
444 1227 555 1266 aliud
585 1226 751 1265 debemus
778 1227 986 1276 intelligere
999 1254 1013 1273 ,
1064 1236 1176 1276 quam
1206 1224 1328 1262 Deum
1365 1226 1407 1261 in

303 1325 328 1346 ,.,
354 1297 515 1336 omntbus
539 1310 636 1343 esse,
663 1298 728 1335 hoc
755 1306 830 1344 cst,
860 1298 1050 1335 essentiam
1081 1298 1240 1334 emulum
1277 1294 1408 1332 subsis-

304 1395 329 1415 ,,
354 1377 445 1407 tere.
497 1367 578 1418 Ipse
611 1369 704 1405 em'm
736 1367 832 1406 solus
858 1377 930 1418 per
953 1380 988 1406 sc
1015 1378 1100 1406 vere
1120 1375 1198 1412 cst,
1226 1373 1261 1402 et
1277 1376 1404 1411 omne,

301 1465 326 1484 „
352 1436 451 1487 quod
473 1448 558 1476 vere
577 1439 618 1474 in
643 1438 724 1485 his,
764 1450 859 1488 quae
888 1446 974 1477 sunt
990 1464 1004 1483 ,
1041 1435 1184 1474 dicitur
1208 1446 1305 1481 esse,
1331 1435 1408 1484 ipse

301 1523 327 1556 ‚5
352 1508 446 1546 solus
475 1507 586 1546 est.'’
636 1508 732 1558 Quis
762 1518 844 1546 eum
862 1535 875 1555 ‚
915 1519 962 1546 ex
997 1508 1104 1556 cujus
1135 1506 1282 1554 ingenio
1316 1504 1406 1541 haec

296 1577 464 1626 profecta
495 1587 584 1616 sunt
610 1578 770 1626 placita,
810 1589 850 1616 ea
881 1578 1064 1616 dicturum
1098 1586 1180 1614 esse
1213 1582 1406 1623 exspecta⁶

297 1649 416 1696 verit,
446 1659 538 1697 quae
564 1660 675 1695 supra
693 1659 779 1685 'eum
805 1646 1036 1696 profitentem
1061 1644 1296 1684 audivimus?
1332 1641 1406 1682 Sed

293 1717 495 1765 nimirum,
521 1719 557 1756 in
588 1718 689 1756 Viris
719 1716 864 1765 quidem
889 1717 1022 1764 bonis,
1049 1715 1204 1753 subinde
1225 1713 1405 1752 efficacior

298 1797 355 1827 est
374 1797 522 1826 naturae
548 1800 624 1826 vox
640 1817 653 1836 ‚
671 1797 763 1836 quae
774 1789 891 1826 Deum
908 1815 922 1834 ,
939 1798 959 1825 a
973 1787 1111 1824 mundo
1123 1786 1306 1824 diversum
1322 1811 1335 1831 ‚
1348 1794 1404 1821 re*

298 1857 438 1906 quirit,
463 1868 570 1906 quam
597 1858 784 1897 doctrinae
802 1857 1052 1908 (systematis,
1080 1864 1120 1893 ut
1139 1856 1252 1903 vulgo
1275 1851 1403 1903 ajunt)

295 1927 405 1978 ratio.
444 1946 499 1958 -ι
540 1929 645 1966 Caet.
671 1929 752 1977 jure
788 1928 879 1965 dixit
904 1927 971 1964 W.
1009 1926 1058 1963 L.
1096 1925 1149 1963 G.
1192 1925 1313 1962 Baro
1348 1923 1403 1962 ab

294 1999 330 2038 E
343 2000 366 2036 b
376 2010 395 2035 e
408 2010 423 2034 r
435 2007 476 2036 st
487 2009 505 2034 e
518 1998 526 2034 i
539 2008 586 2037 n:
607 1997 836 2035 Natarlichc
849 1996 1033 2045 Theologie
1045 1994 1114 2032 der
1132 1993 1404 2042 Scholastiker5

296 2080 382 2117 pag.
410 2080 461 2116 9,
490 2070 591 2115 quod
624 2068 801 2113 Erigenae
829 2067 959 2114 placita
983 2078 1001 2103 a
1023 2064 1199 2103 Pontifice
1235 2063 1404 2102 Maximo

299 2139 602 2185 repudiarentur,
625 2147 691 2176 nec
712 2150 730 2174 a
756 2137 912 2185 posteris
930 2136 1194 2183 probarentur,
1223 2135 1295 2172 hoc
1322 2134 1408 2171 reli-

301 2209 421 2256 gionis
434 2219 582 2245 caussae
597 2206 780 2254 profuisse
793 2208 920 2254 potius
935 2234 947 2253 ‚
964 2217 1070 2253 quam
1086 2207 1272 2244 nocuisse.
1303 2203 1406 2242 Huic

297 2276 393 2317 enim
418 2287 568 2315 caussae
589 2277 678 2324 quid
691 2275 964 2325 perniciosius„
990 2287 1096 2323 quam
1115 2273 1412 2313 Pantheismus?

1317 2408 1411 2458 Pag.

1519 1643 1524 1802 f

1517 1805 1522 1960 ἓ

1516 1961 1521 2042 ³

1516 2061 1520 2190 Ξ

1515 2193 1519 2364 ἓ

1513 2427 1517 2535 ἒ

1509 2593 1516 2815 ἶ
