1483 2860
451 239 521 268 DE
576 221 874 264 ACETO.
1176 231 1224 269 59

116 338 354 391 desoxydatio
380 335 496 386 oxydi
527 332 634 382 cupri
659 344 680 370 a
703 330 732 370 Β
747 330 867 369 erth
882 330 1026 369 oleto
1060 329 1230 368 observa-

115 422 177 461 ta,
211 410 273 450 sed
295 416 478 459 praeterea
511 403 607 442 idem
643 400 810 448 invenit,
836 408 981 438 acetum
1005 400 1229 439 destillatum

117 490 156 520 et
181 479 377 530 peroxydo
403 472 621 523 manganefii
642 471 800 510 mixtum
826 480 905 508 non
931 468 1112 506 assumere
1137 481 1234 518 oxy·-

118 549 296 602 genium,
313 546 463 596 penitus
488 555 576 583 vero
602 540 743 581 destrui
762 549 798 578 et
831 549 1022 585 nunquam
1045 537 1234 585 acquirere

117 619 364 671 proprietates
414 615 521 654 acido
565 612 707 652 acetico
750 622 795 648 ex
836 616 978 647 acetate
1016 606 1126 656 cupri
1172 606 1240 644 ad-

117 689 272 740 scriptas
289 715 304 737 ,
343 694 458 735 atque
488 683 687 730 utriusque
718 679 862 730 generis
890 677 994 716 acida
1027 688 1113 715 cum
1142 686 1236 725 oxy·

120 761 180 800 dis
212 756 406 798 metallicis
435 755 612 803 aequales
648 749 809 790 formare
832 745 1142 787 combinationes.
1177 745 1241 786 Ex

119 829 183 870 his
209 827 385 867 omnibus
401 823 604 871 conclusit,
632 822 707 860 duo
728 821 790 859 illa
808 819 909 858 acida
927 828 1006 857 non
1033 816 1100 855 nifi
1122 822 1241 864 aquae

119 906 318 937 contentae
346 892 555 943 quantitate
589 890 735 929 differre
764 890 824 939 1).
878 888 980 927 Haec
1015 886 1245 936 experimen-

120 974 160 1005 ta
189 964 277 1004 dein
301 975 324 1003 a
351 964 415 1003 Cl.
443 962 680 1008 Darracq
709 966 823 1007 atque
853 957 1056 996 Proust
1086 954 1244 1004 repetita

121 1035 207 1074 sunt
232 1042 270 1073 et
291 1031 550 1081 comprobata.
587 1029 806 1068 Statuerunt
829 1026 969 1077 igitur,
1000 1025 1146 1064 unicam
1173 1024 1248 1064 dif-

122 1104 317 1145 ferentiam
341 1103 438 1141 inter
463 1109 665 1147 utrumque
688 1098 835 1136 acidum
871 1096 1072 1135 confistere
1100 1094 1140 1132 in
1161 1093 1247 1134 sub-

124 1175 274 1216 stantiae
299 1169 583 1222 mucilaginosae
614 1180 728 1218 parva
757 1166 988 1216 quantitate,
1015 1176 1111 1214 quae
1134 1162 1248 1213 spon-

124 1256 164 1285 te
192 1247 408 1296 separatur,
449 1242 599 1292 quando
639 1239 812 1287 acidum,
850 1236 956 1285 quod
990 1243 1034 1273 ut
1061 1232 1249 1272 acetosum

123 1316 452 1360 confiderabatur,
502 1308 799 1350 combinationes
854 1303 1114 1355 ingrediaturg,
1166 1312 1249 1341 tum

125 1387 234 1426 etiam
264 1382 396 1434 maj0ri
426 1391 544 1428 aquae
575 1377 837 1427 proportione.
902 1375 1118 1422 Utriusque
1149 1372 1251 1412 enim

126 1455 271 1507 generis
313 1452 489 1499 acidum,
541 1449 588 1487 ad
622 1447 716 1486 idem
758 1445 908 1495 pondus
943 1442 1156 1492 specificum
1191 1454 1250 1480 re·

126 1528 306 1572 ductum,
346 1521 496 1560 eandem
534 1515 814 1556 subcarbonatis
859 1514 1028 1563 potassae
1068 1513 1252 1561 quantita·

128 1605 206 1635 tem
236 1593 284 1633 ad
315 1589 576 1630 saturationem
610 1585 768 1635 requirit
782 1612 795 1632 ,
834 1592 949 1632 atque
983 1583 1133 1621 eandem
1171 1594 1251 1622 car-

130 1663 260 1705 bonici
290 1660 504 1712 portionem
538 1656 715 1695 residuam
750 1662 841 1703 post
874 1651 1163 1692 destillationem
1197 1663 1257 1691 re·

130 1734 289 1785 linquit.
341 1729 499 1772 Constat
526 1727 641 1777 igitur
655 1755 668 1775 ,
687 1736 803 1764 unum
823 1723 1085 1763 tantummodo
1108 1722 1254 1761 acidum

133 1805 317 1846 aceticum
342 1800 494 1849 adesse,
537 1797 576 1837 in
611 1797 767 1847 vulgari
799 1803 903 1833 aceto
941 1793 1056 1843 magis
1091 1792 1251 1832 dilutum

133 1885 174 1915 et
203 1885 290 1914 cum
320 1869 515 1911 tenerrima
545 1866 767 1914 mucilagine
800 1866 1070 1916 conjunctum,
1113 1862 1153 1901 in
1187 1876 1256 1903 ra-

133 1944 253 1987 dicali
282 1949 389 1982 aceto
418 1937 539 1990 magis
566 1944 847 1977 concentratum
876 1944 913 1975 et
937 1933 1171 1984 mucilaginis
1189 1943 1255 1974 ex·

137 2025 226 2066 pers
252 2012 313 2063 2).

189 2082 334 2137 Omnes
360 2080 469 2124 etiam
490 2077 648 2119 chemici
681 2076 829 2117 acidum
864 2074 1046 2116 aceticum
1085 2087 1131 2116 ex
1162 2087 1257 2126 oxy-

1187 2158 1250 2196 ge·

189 2254 225 2293 ι)
244 2253 372 2288 Adet,
390 2250 474 2281 Anu.
496 2249 535 2279 de
556 2246 698 2282 Chimie,
720 2247 813 2277 Tom.
836 2245 955 2276 xxvn,
976 2251 1045 2282 pag.
1067 2251 1136 2282 299.

185 2312 225 2357 ῃ)
243 2309 337 2343 conf.
358 2308 575 2344 Durracq„
596 2306 679 2338 Anu.
692 2304 730 2335 de
742 2302 887 2343 chimie,
908 2303 997 2334 Tem.
1018 2301 1166 2338 xmfflag.
1187 2301 1258 2338 264.>
