1524 2850
254 739 1081 800 PRAEFATIO-

159 1220 297 1284 Haud
330 1240 438 1279 facile
465 1240 609 1289 aliquid
630 1239 820 1289 reperias,
845 1240 950 1289 quod
976 1237 1118 1278 nostris
1132 1242 1226 1277 tem·

106 1312 264 1362 poribus
290 1310 408 1359 magis
448 1311 616 1349 omnium
654 1301 1064 1357 animosadverterit,
1115 1314 1231 1356 quam

107 1382 146 1422 in
183 1382 262 1422 dies
295 1393 507 1421 accrescens
541 1380 736 1421 Pontificis
776 1379 940 1419 Romani
963 1383 1022 1418 ‘et
1057 1374 1230 1417 universe

106 1453 339 1494 Clericorum
368 1451 549 1501 potentia.
577 1452 706 1502 Quae,
733 1457 922 1499 prostrata
946 1460 1093 1498 nuper,
1125 1447 1232 1487 velut

102 1522 306 1562 monstrum
334 1522 543 1560 Lernaeum
559 1550 572 1570 ,
601 1533 646 1559 ex
672 1519 759 1570 ipfis
787 1519 1020 1559 detrimentis
1047 1518 1147 1558 vires
1173 1527 1234 1556 as·

105 1592 232 1631 sumfit
272 1604 410 1639 easque
454 1590 596 1629 summo
634 1600 774 1629 conatu
809 1590 987 1639 adhibet,
1041 1597 1085 1627 ut
1120 1588 1234 1627 latius

104 1662 214 1702 etiam
231 1691 245 1711 .,
271 1662 298 1701 fi
325 1662 405 1700 fieri
430 1661 573 1711 possit,
602 1672 712 1709 quam
741 1669 845 1700 antea
873 1659 1101 1700 dominetur.
1140 1658 1236 1697 Non

102 1732 201 1771 enim
228 1731 358 1771 amissa
382 1731 499 1770 solum
527 1743 743 1780 recuperare
760 1760 772 1778 ‚
798 1730 859 1769 sed
879 1739 916 1769 et
947 1730 1064 1770 aliena
1083 1728 1236 1767 invade·

103 1812 143 1842 re
183 1803 330 1842 nititur.
395 1803 447 1841 Et
495 1802 643 1841 invadet
680 1801 880 1850 profecto,
932 1800 1000 1839 nifi
1041 1799 1087 1838 ab
1120 1799 1238 1836 altera

107 1858 213 1922 parte
236 1874 406 1921 aequales
442 1872 541 1911 vires
577 1884 664 1910 cum
689 1873 815 1911 eadem
850 1869 1057 1910 constantia
1095 1866 1130 1907 ei
1166 1878 1237 1917 op-

110 1951 312 1993 ponantur.
369 1944 477 1980 Hunc
516 1942 554 1980 in
592 1942 731 1991 finem,
761 1951 802 1981 ut
836 1943 1132 1981 corroborentur
1161 1938 1240 1977 ani-

113 2013 192 2061 mi,
218 2013 314 2052 nihil
339 2013 470 2051 utilius
500 2013 701 2061 excogitari
733 2020 889 2061 potest,
910 2023 1019 2060 quam
1047 2010 1123 2060 ipsa
1149 2009 1242 2048 Hie-

113 2082 276 2122 tarchiae
308 2083 403 2121 bene
441 2083 630 2132 perspecta
671 2083 859 2130 historia,
901 2094 1029 2131 quae,
1056 2081 1141 2120 luce
1165 2081 1242 2119 cla·

116 2152 195 2191 rius
211 2181 225 2201 ,
266 2164 377 2200 quam
401 2154 502 2192 nulla
536 2152 608 2192 fint
630 2154 810 2202 Paparum
831 2153 915 2203 jura
929 2183 941 2199 ‚
970 2159 1157 2201 quamque
1180 2149 1243 2189 fu·

118 2220 197 2260 tilis
236 2233 363 2262 eorum
398 2216 624 2272 auctoritas,
662 2223 713 2262 ob
761 2224 895 2262 oculos
939 2223 1064 2272 ponit.
1115 2222 1243 2261 Docet

124 2291 222 2331 enim
258 2290 320 2332 illa
350 2304 684 2344 unumquemque,
724 2295 834 2345 cujus
876 2302 1035 2334 mentem
1072 2300 1150 2332 non
1182 2288 1243 2329 in-

137 2358 141 2364 ’
663 2366 699 2404 Α
1160 2355 1244 2402 fus-
