1560 2860
284 270 342 316 48
650 263 1031 313 ORATIO.

282 425 438 471 Verum
475 423 638 481 utrique
663 422 761 468 huic
785 423 940 469 honori
964 423 1298 483 opportunitates
1335 439 1387 472 ac

283 515 381 562 spes
429 501 650 560 praetulit,
704 516 836 558 quas,
888 515 966 560 per
1002 501 1162 546 hancce
1199 508 1389 547 nostram

284 585 326 623 et
370 578 517 622 urbem
561 584 602 622 et
662 576 957 631 Academiam,
1010 577 1090 623 sibi
1134 578 1199 623 vel
1249 577 1390 624 offer-

283 655 321 699 ri
355 655 531 714 putabat
555 655 617 699 vel
658 654 833 699 ostendi.
892 655 981 699 Nec
1012 669 1131 714 spem
1159 655 1269 699 exitu
1294 655 1388 701 fru-

283 739 467 787 strante,
507 731 688 791 primum
721 733 998 789 Chirurgiae
1047 740 1093 774 et
1141 734 1260 775 artis
1293 733 1387 775 Ob-

282 812 518 853 stetrieiae
559 809 750 864 Lector,
801 815 912 863 tum,
960 815 1056 853 ante
1115 808 1198 853 hoc
1245 808 1388 868 ipsum

282 885 555 940 decennium,
596 888 857 929 Medicinae
891 887 1141 941 Professor
1176 892 1392 928 extraor-

282 965 496 1007 dinarius
526 962 659 1006 dictus
686 967 760 1005 est.
821 959 926 1003 Cum
955 959 1063 1002 enim
1081 962 1262 1015 prioris
1290 974 1389 1004 mu·-

280 1039 394 1083 neris
413 1045 555 1097 partes
571 1069 583 1091 ‚
613 1037 711 1081 inde
737 1051 762 1080 a
794 1042 945 1093 quarto
961 1035 1046 1093 jam
1074 1036 1250 1090 saeculi,
1271 1036 1388 1093 quod

281 1115 442 1175 agitur,
487 1128 625 1169 anno,
665 1126 744 1158 nec
768 1111 857 1157 sine
895 1112 1034 1170 aliqua
1069 1118 1210 1157 tamen
1237 1112 1387 1170 quietis

281 1191 612 1245 intermissione,
653 1190 780 1234 tuitus
820 1195 954 1245 esset3
989 1192 1267 1246 posterioris
1301 1189 1389 1234 ho..

283 1283 392 1324 nor,
434 1268 618 1327 ejusdem
657 1266 809 1311 saeculi
836 1279 946 1310 anno
980 1265 1178 1310 vicesimo
1195 1298 1209 1321 ,
1238 1278 1386 1310 acces-

282 1346 351 1391 sit.
389 1344 493 1407 (35)
534 1368 586 1377 —
627 1344 731 1388 Erat
771 1342 1198 1401 Heyligersius‚
1242 1342 1385 1400 quod,

280 1422 447 1467 testium
489 1420 900 1466 luculentissimorum
941 1419 1229 1463 auctoritatem
1261 1433 1388 1464 secu-

278 1507 345 1544 tus
365 1531 379 1553 ‚
421 1499 583 1542 affirmo
598 1530 611 1551 ‚
667 1497 768 1540 artis
808 1510 902 1540 cum
942 1495 1233 1554 Chirurgicae‚
1295 1503 1386 1541 tum

282 1575 563 1622 obstetriciae
593 1573 739 1618 eximie
775 1572 934 1630 peritus
950 1603 961 1625 ‚
993 1579 1118 1629 atque
1152 1572 1200 1615 in
1227 1571 1386 1617 utrius-

281 1667 364 1711 que
404 1650 636 1697 subsidium
674 1655 914 1694 accuratam
951 1648 1200 1693 Anatomiae
1233 1648 1386 1707 cogni-

279 1729 436 1774 tionem
471 1728 762 1773 advocaverat.
821 1725 986 1783 Quibus
1018 1725 1233 1770 doctrinae
1268 1726 1385 1771 doti—

278 1806 359 1850 bus
400 1805 650 1858 instructus,
693 1816 780 1846 non
804 1809 966 1846 tantum
1002 1802 1138 1846 cultro
1176 1801 1385 1861 chirurgi-

280 1896 332 1927 co
348 1914 359 1935 ‚
389 1880 426 1926 si
458 1880 628 1939 quando
642 1911 654 1935 ‚
685 1879 741 1923 ad
763 1877 1062 1937 aegrotantium
1089 1879 1200 1923 mala
1222 1879 1387 1924 lenien..¹

281 1959 364 2013 da,
391 1973 496 2017 opus
532 1965 649 2011 erat,
681 1957 826 2001 dextre
862 1956 1080 2011 utebatur;
1120 1956 1195 2000 sed
1219 1956 1386 2014 juveni-

278 2036 360 2080 bus
396 2035 519 2079 etiam
536 2066 549 2089 ‚
582 2033 682 2078 artis
722 2033 913 2078 salutaris
951 2031 1158 2077 Studiosis
1172 2065 1184 2087 ,
1213 2033 1383 2078 institu-

279 2112 394 2156 tione
432 2113 506 2156 sua
543 2110 744 2169 prodesse
788 2110 1032 2155 conabatur.
1106 2110 1262 2156 Verum
1296 2124 1382 2155 non

279 2189 447 2247 longam
484 2187 564 2246 ipsi
592 2186 746 2240 vitam,
777 2187 1011 2232 breviorem
1036 2187 1248 2244 aliquanto
1273 2187 1383 2232 vitae

277 2281 400 2311 usum
452 2263 754 2323 sapientissima
794 2264 941 2323 largita
982 2267 1053 2308 est'
1086 2263 1380 2320 Providentia3

278 2357 388 2403 quae
413 2349 458 2389 ut
486 2356 510 2388 a
527 2341 649 2387 nobis
673 2340 907 2400 nostrisque
935 2340 1093 2387 cunctis
1121 2340 1264 2387 similis
1290 2341 1381 2385 cla-

1315 2416 1380 2463 dis
