1560 2860
485 261 879 308 ORATIO.
1186 267 1239 312 ⁷1

124 403 368 446 historiam
410 404 564 457 magis
596 405 769 446 saeculi
799 405 940 447 XVI.
979 419 1116 460 quam
1140 407 1239 446 dis-

122 481 413 537 quisitionem
461 482 516 520 de
558 478 765 522 Guilielmi
807 478 840 523 I.
899 481 947 522 in
994 482 1236 535 republica

113 558 397 613 perturbata
432 558 691 611 prudentia
732 557 980 610 scriberet,
1023 561 1146 614 quod
1186 574 1236 600 eo

117 636 269 689 magis
302 636 575 684 dolendum,
608 649 695 689 quo
727 635 936 676 crebrius
971 651 1060 690 per
1094 642 1237 677 totam

115 713 234 753 lzanc
259 712 676 752 commentationem
710 712 838 753 haud
872 714 1084 769 vulgaris
1121 729 1235 755 eru-

114 790 305 830 ditionis
332 791 601 829 documenta
637 797 902 833 occurrunt.

169 865 413 905 Exceltere
451 866 639 920 utrique
676 865 786 906 lzuic
812 867 1055 920 specimini
1082 867 1229 909 visum

113 946 181 980 est
199 970 211 989 ,
243 942 318 980 cui
360 943 584 981 sententia
601 943 899 995 praemissa:
940 940 1086 987 Saevis
1105 950 1230 987 tran-

112 1014 263 1071 quillus
298 1014 344 1058 in
382 1015 528 1067 undis,
570 1033 657 1073 quo
696 1019 762 1059 sic
802 1019 1023 1073 probavit
1063 1029 1227 1063 auctor

112 1108 216 1141 pum
268 1095 560 1148 diligentiam
603 1096 651 1135 in
703 1095 837 1137 rebus
890 1099 1183 1154 exquirendis
1212 1129 1225 1151 ,

109 1177 206 1227 tum
219 1171 459 1225 judicium
489 1171 535 1211 in
562 1172 620 1212 iis
648 1174 945 1215 aestimandis
974 1181 1018 1215 et
1044 1191 1230 1217 censen-

108 1250 207 1299 dis,
239 1255 318 1299 ut,
350 1238 389 1290 si
427 1264 512 1290 non
544 1251 862 1303 praestantius
889 1252 1029 1292 etiam
1069 1267 1224 1293 acces-

103 1326 235 1381 sisset
268 1327 523 1379 specimen,
568 1326 696 1368 haud
732 1328 974 1382 indignum
1014 1332 1222 1383 praemio

90 1403 362 1459 judicatum
388 1404 570 1460 fuisset.
631 1405 800 1459 Itaque
830 1405 1033 1448 tributus
1059 1413 1223 1448 aucto-

103 1482 147 1522 ri
180 1480 254 1523 hic
281 1480 425 1522 honor
452 1487 548 1531 est,
580 1487 632 1521 ut
663 1482 982 1524 documentum
1012 1483 1103 1538 ipsi
1120 1499 1222 1539 pu-

103 1558 214 1600 blice
249 1560 545 1609 traderetur,
588 1561 710 1614 quod
738 1558 996 1603 Facultatis
1025 1562 1081 1602 de
1119 1564 1221 1616 ejus

99 1635 346 1689 scriptione
374 1635 608 1689 judicium
639 1636 904 1679 contineret.

165 1714 229 1753 Ut
245 1718 400 1751 autem
415 1712 499 1752 lzae
517 1714 912 1755 commentationes
936 1715 1030 1757 suis
1055 1715 1218 1770 singu-

98 1790 171 1831 lae
185 1787 398 1831 laudibus
412 1789 680 1830 aestimatae
697 1797 826 1842 sunt,
855 1792 922 1831 sic
947 1799 1114 1847 quarto
1142 1808 1219 1834 re-

96 1881 284 1921 sponso,
328 1866 402 1908 cui
443 1867 762 1920 adscriptum:
823 1865 996 1910 Parenti
1048 1867 1217 1913 Patriae

89 1944 358 2000 praemium
387 1945 496 1984 dari
532 1944 728 1999 placuit.
795 1945 949 1986 Unum
988 1946 1072 1986 hoc
1097 1948 1218 1990 enim

30 2027 36 2035 '
97 2028 281 2062 caetera
297 2022 429 2075 longe
444 2036 670 2075 superare
700 2023 847 2064 visum
869 2029 937 2063 est
965 2023 1020 2065 iis
1036 2024 1216 2067 dotibus

96 2112 151 2138 ac
183 2097 455 2149 virtutibus,
486 2098 648 2153 quibus
687 2102 997 2144 commendari
1021 2103 1216 2143 maxime

92 2188 420 2228 generosorum
454 2177 678 2227 juvenum
722 2178 996 2232 scriptiones
1029 2178 1216 2231 debent,

99 2252 150 2292 id
175 2257 263 2302 est,
305 2267 463 2293 rerum
502 2254 784 2309 cognitione,
817 2255 1024 2308 judicio,
1069 2257 1217 2299 disse·

95 2327 228 2371 rendi
253 2329 502 2382 facultate.

1097 2403 1215 2449 Gae-
