1483 2860
228 229 278 265 92
456 208 1116 270 COMMENTATIO

224 337 267 365 ac
297 322 399 363 omni
429 319 554 359 salutis
589 317 651 366 spe
674 318 838 367 dejectus
855 346 869 366 ‚
896 319 1080 367 extemplo
1101 318 1168 358 fibi
1191 319 1230 358 in
1260 320 1333 358 Ita-

225 396 311 434 liam
345 388 654 441 proficiscendum
697 386 773 424 esse
812 396 912 425 ratus
956 397 1012 426 est
1047 389 1222 438 (1077)3
1260 389 1333 428 iter

226 465 354 513 itaque
383 459 528 499 hiemali
559 466 727 505 ternpore
753 457 910 495 Romam
929 456 1334 507 suscepit‚comitante

224 535 301 574 sola
325 543 441 571 uxore
463 538 499 568 et
526 527 604 566 filio
620 555 633 574 ‚
660 527 720 564 sed
756 527 795 564 in
829 525 975 566 Tuscia
1003 528 1078 577 iam
1114 527 1302 578 Gregorio
1319 557 1334 576 ‚

224 606 434 651 Augustam
474 596 644 648 profecto
678 604 714 635 et
749 596 790 633 in
821 596 987 635 Castello
1025 597 1216 646 Canufio,
1253 609 1336 636 arce

223 669 492 716 munitissimo,
519 667 617 715 apud
649 666 869 704 Mathildem
893 666 1111 716 diversanti,
1139 669 1333 716 occurrit3

221 740 277 781 ibi
298 740 510 784 Henricus,
540 735 747 784 insignibus
777 734 851 773 suis
878 736 1078 785 depositis,
1105 737 1250 787 vulgari
1272 739 1338 776 ha.

219 812 305 852 bitu
343 819 379 848 et
415 807 518 846 sacco
550 805 731 850 indutus,
758 812 870 852 atque
903 804 999 843 intra
1036 817 1163 844 muros
1198 814 1235 844 et
1259 806 1338 845 val.

221 884 301 922 lum
327 881 508 919 deductus
523 903 536 923 ‚
564 874 848 912 immanisfimos
870 874 1057 912 cruciatus
1081 873 1177 912 fame
1209 883 1246 912 et
1268 873 1335 912 fri-

221 964 312 1003 gore
341 961 406 999 per
442 957 517 985 tres
537 945 616 982 dies
640 941 778 989 subiit,
807 954 905 990 quos
927 953 1091 981 enarrare
1117 955 1194 982 non
1219 944 1331 994 hujus

221 1031 278 1062 est
298 1017 473 1068 loci(1).
527 1016 672 1065 Quarto
701 1013 844 1051 tandem
872 1012 930 1050 die
947 1041 960 1060 ‚
983 1025 1067 1051 cum
1092 1013 1240 1062 superbi
1264 1014 1332 1053 Pa-

182 1094 185 1095 ’
219 1104 288 1143 pae
323 1087 521 1128 crudelitas
554 1083 678 1123 satiata
711 1082 927 1129 videretur,
963 1083 1203 1132 Gregorius,
1242 1094 1334 1123 con-

220 1161 340 1202 sumta
371 1158 486 1196 altera
522 1152 667 1193 hostiae
690 1161 818 1202 parte,
845 1151 881 1190 se
914 1152 1114 1191 immunem
1151 1165 1172 1191 a
1209 1154 1334 1194 crimi-

219 1232 333 1271 nibus
350 1258 363 1278 ,
387 1237 547 1277 quorum
559 1223 794 1263 accusabatur
810 1251 822 1269 ‚
834 1222 972 1272 juravit
992 1223 1216 1272 alteramque
1231 1223 1335 1262 Hen-

218 1301 298 1340 rico
326 1299 451 1345 dedit,
493 1295 558 1344 qui
593 1306 671 1332 eam
696 1292 902 1340 recusavit,
943 1292 1096 1341 dicens,
1132 1305 1258 1342 pacem
1287 1294 1333 1332 ad

221 1370 423 1420 proximam
455 1377 576 1414 usque
603 1363 795 1412 Synodum
833 1363 1088 1410 Augustanam
1128 1362 1203 1400 esse
1228 1362 1334 1402 diffe-

219 1441 367 1480 rendam
386 1439 470 1488 (2).
509 1436 609 1475 Cum
635 1445 723 1472 vero
748 1433 953 1481 Imperator
975 1433 1045 1471 hac
1068 1432 1202 1481 ignava
1221 1445 1333 1483 agen.

1298 1523 1336 1561 di

221 1661 330 1683 annum
348 1652 432 1688 1076.
456 1653 563 1679 Anna
582 1657 657 1678 vero
675 1649 895 1683 Comnena‚
918 1647 948 1675 in
965 1648 1021 1676 hac
1040 1648 1241 1681 Gregorii
1260 1648 1328 1676 VH.

220 1709 327 1748 agendi
352 1710 466 1739 ratione
486 1707 665 1742 enarranda,
686 1714 746 1734 non
764 1712 809 1734 est
831 1704 998 1741 audienda,
1019 1713 1087 1733 cum
1112 1705 1143 1733 in
1170 1705 1215 1734 his
1239 1705 1330 1740 magis

219 1771 292 1800 odio
303 1791 313 1805 ‚
324 1777 384 1804 quo
400 1768 431 1795 in
449 1764 611 1796 Pontifices
620 1765 774 1791 Romanos
791 1763 964 1797 ferebatur,
975 1770 1063 1797 quam
1080 1761 1216 1790 veritatis
1234 1762 1330 1791 studio

219 1830 308 1857 ducta
327 1825 418 1854 fuisse
436 1823 587 1853 videatur.
616 1821 688 1852 Vid.
716 1819 853 1854 inprimis
881 1827 956 1854 quae
984 1820 1020 1847 de
1047 1818 1152 1846 odiosa
1181 1819 1330 1853 Grego-

218 1885 271 1914 rii
295 1881 402 1918 agendi
419 1881 534 1909 ratione
553 1886 619 1912 erga
637 1882 689 1907 He
701 1886 719 1904 n
731 1876 808 1906 rici
834 1877 891 1905 lV.
912 1877 1026 1911 legatos
1049 1874 1178 1910 scripfit‚
1200 1876 1334 1903 Alexia-

218 1943 288 1976 dos,
325 1941 392 1969 Lib.
422 1939 447 1966 Ι.
478 1945 544 1973 pag.
577 1944 625 1969 31.
656 1935 686 1962 in
714 1935 843 1970 Corpore
877 1934 965 1961 Hist.
999 1933 1196 1969 Byzantinae
1224 1933 1245 1960 P
1257 1932 1330 1965 hil.

221 2000 247 2027 L
261 2007 275 2026 a
286 1999 303 2026 b
312 1998 330 2025 b
340 2005 356 2025 e
369 1996 392 2024 i.

257 2055 309 2092 (1)
329 2053 420 2082 Conf.
444 2049 593 2080 Planci<
615 2050 659 2084 ,1.
689 2056 715 2076 c.
746 2048 800 2075 IV.
822 2048 856 2076 Β.
882 2047 905 2076 1.
930 2047 1012 2081 Ab„
1044 2055 1111 2081 pag.
1145 2053 1197 2079 178
1223 2047 1326 2081 seqq.;

219 2120 312 2149 porro
339 2110 519 2142 videantur,
540 2114 613 2141 quae
633 2107 670 2134 de
686 2106 742 2133 haic
760 2104 864 2132 odiosa
883 2104 989 2138 agendi
1006 2104 1122 2132 ratione
1138 2110 1332 2132 narraverunt

219 2169 376 2199 Villers
388 2186 398 2201 ,
420 2166 511 2199 Essai
535 2170 593 2190 etc.
605 2182 615 2192 .
635 2170 702 2197 pag.
715 2169 770 2198 4¹3
782 2182 791 2196 ,
805 2168 835 2190 et
855 2161 995 2196 inprimis
1017 2161 1080 2196 ipse
1102 2161 1327 2196 Gregorius

220 2226 253 2256 in
274 2224 372 2260 Epist.
391 2222 461 2250 Lib.
484 2222 539 2249 IV.
563 2220 654 2254 epist.
680 2226 725 2248 ια.

261 2283 317 2320 (2)
338 2279 567 2309 Lambertus
590 2275 750 2314 ¹Schafn.
783 2275 819 2305 ad
853 2282 898 2303 an.
928 2280 1011 2307 1077.
1045 2272 1242 2309 Gregorii
1267 2272 1325 2301 ser.

1268 2336 1331 2356 mo-
