1483 2860
232 196 310 234 ἳιὸ
455 186 1125 237 (ἓῦΜΜΕΝΤΛΤῙῙΟ

223 303 372 343 Peneius
412 296 601 352 mortique
639 303 839 354 proximus⁴
876 305 1100 355 declaravit,
1147 305 1275 346 dicens
1305 306 1342 347 se

224 371 330 422 iussu
362 373 572 422 apostolico
605 384 647 411 ac
679 373 875 413 Pontificis
904 383 1038 424 rogatu
1070 386 1115 415 eo
1138 376 1339 418 adductum

226 441 342 480 fuisse
356 470 370 491 ‚
395 453 436 480 ut
455 443 695 492 jurejurando
707 444 878 492 neglecto
891 445 1071 484 honorem
1092 444 1159 485 fibi
1177 456 1256 486 non
1278 448 1342 487 de·

225 511 346 549 bitum
375 511 564 560 usurparet
594 511 678 562 (1).
732 513 916 561 Superbia
941 513 1119 563 Gregorii
1145 524 1185 555 et
1208 518 1339 556 crude-

224 579 312 618 {itas
339 591 424 629 erga
451 580 655 619 Hem-icum
677 580 716 618 in
739 589 821 619 arce
841 582 1004 621 Canusio
1030 583 1232 625 versantem
1256 587 1341 625 nub

223 650 252 688 li
287 661 365 688 non
394 650 578 698 arguenda
610 649 798 689 videbitur
824 650 922 701 (2);
951 652 1055 701 quod
1077 654 1154 703 ipse
1175 654 1260 694 satis
1282 655 1341 695 in-

216 711 459 768 =genue‚·sed
484 715 540 758 ¹eo
573 718 769 768 superbius
806 720 846 758 in
874 719 1035 770 epistolii
1059 722 1106 762 'ad
1130 725 1339 765 Maimbur-

217 790 325 838 gium
359 787 551 838 professus
581 798 643 827 est
675 788 803 828 dicens
845 817 878 838 ‚,
905 791 1046 831 multos
1079 804 1125 831 ex
1155 794 1230 843 piis
1263 794 1342 835 fre·

216 866 258 908 3³,
284 858 418 897 muisse
447 857 650 896 Hem-icum
676 858 827 907 indigne
851 859 1004 909 haberi,
1032 871 1186 911 eamque
1208 861 1341 914 potius

215 932 257 977 -·-,’,
284 928 471 967 barbaram
494 927 750 966 crudelitatem
765 955 780 976 ,
807 940 918 977 quam
931 928 1160 970 severitatem
1186 943 1342 982 aposto·

215 991 269 1048 ·„'
287 992 393 1038 licam
417 997 518 1047 esse;
545 997 607 1037 sed
641 996 677 1036 se
701 997 862 1037 voluisse
894 999 1089 1040 humiliare
1123 1003 1337 1054 Principum

214 1072 257 1120 ·‚',
282 1073 497 1119 arrogantes
525 1068 669 1107 animos
685 1095 699 1116 ,
726 1077 769 1108 ut
800 1068 962 1109 debitam
991 1072 1231 1112 reverentiam
1264 1073 1340 1114 sedi

212 1141 259 1189 “,”,
285 1139 516 1190 apostolicae
558 1138 792 1189 praestarent
794 1138 821 1157 ’⁹
882 1140 955 1180 Sed
1000 1140 1093 1181 hanc
1128 1141 1336 1192 superbiam

212 1211 268 1250 'ad
296 1220 506 1260 temporum
520 1211 819 1259 opportunitates
835 1209 1043 1260 Gregorius
1068 1222 1338 1262 nonnunquam

217 1279 472 1331 ε”οωροιιεῦαῑ
494 1280 651 1320 utiliter.
705 1280 805 1320 Cum
833 1280 928 1319 enim
952 1280 1190 1321 Robbertum
1219 1282 1339 1321 Guis·

213 1351 376 1390 'cardum
393 1358 431 1389 et
455 1350 682 1398 Ricardum,
700 1349 804 1389 illum
818 1350 1096 1400 Beneventum,
1112 1352 1217 1391 hunc
1238 1352 1338 1392 Nea-

212 1407 330 1472 ·poiin
358 1420 567 1460 obsidentes
583 1448 596 1468 ,
623 1420 730 1469 prius
757 1420 1131 1471 excommunicasset,
1159 1422 1233 1461 hoe
1253 1423 1340 1462 ana·

212 1477 343 1531 'thema
360 1520 373 1540 ,
400 1491 505 1540 quod
525 1490 745 1539 ceteroquin
772 1490 1075 1531 Normannorum
1099 1492 1226 1531 Duces
1245 1493 1338 1532 floc-

210 1560 262 1601 ‘ci
293 1561 534 1611 pendebant,
571 1560 700 1600 deinde
739 1559 889 1599 sustulit
935 1560 1145 1611 (1078),
1164 1572 1251 1602 cum
1283 1563 1334 1602 iis

210 1630 357 1672 ‘foedus
385 1630 530 1681 pepigit
547 1659 561 1679 ,
600 1623 713 1679 atque
746 1630 943 1679 regionum
972 1630 1112 1680 injuste
1139 1640 1338 1681 occupata-

212 1700 305 1742 'rum
340 1701 611 1751 possesfionem
639 1700 898 1748 confirmavit,
927 1708 971 1739 ut
990 1700 1037 1740 ab
1070 1700 1130 1741 his
1159 1701 1338 1753 principi-

212 1768 296 1812 ‘bus
320 1784 457 1821 opem,
481 1775 558 1821 qua
593 1770 769 1811 adversus
794 1770 1000 1811 Henricum
1029 1770 1246 1823 indigebat,
1271 1773 1341 1813 im-

212 1847 386 1892 ‘petraret
412 1843 499 1893 (3).
1271 1893 1322 1932 V·

1311 1905 1342 1932 1-

211 1998 215 2001 ,
261 1963 649 2002 (1)conf.venema,
672 1963 761 1992 Tom.
780 1963 826 1998 v,
844 1969 911 1998 pag.
931 1965 1005 1998 64¹3
1023 1969 1053 1991 et
1076 1963 1209 1992 Annae
1231 1961 1341 1993 eom·

212 2030 374 2058 -nenae,
395 2019 565 2050 Alexiaaos
595 2019 627 2048 in
649 2019 778 2056 Carpum
807 2020 970 2048 Historiae
997 2019 1214 2057 Byzantina,
1234 2020 1338 2052 Phil.

214 2078 401 2123 ,labben
423 2079 490 2108 Lib.
513 2078 547 2113 1,
564 2084 632 2113 pag.
653 2084 701 2110 52·

265 2137 319 2174 (2)
339 2136 430 2166 Conf.
450 2134 542 2171 ipfius
559 2132 749 2169 Gregorii
776 2132 855 2162 dicta
872 2132 903 2162 in
923 2132 1062 2169 Epistola
1088 2132 1125 2162 ad
1151 2133 1337 2169 Germanos.

211 2202 303 2231 ,quae
326 2201 390 2231 est,
410 2192 478 2222 Lib.
501 2192 560 2227 lv,
588 2190 678 2226 epist.
701 2198 754 2224 123
783 2197 814 2219 et
841 2192 1010 2227 Planck,
1040 2193 1063 2221 1.
1097 2199 1126 2221 c.
1158 2192 1214 2221 lv.
1243 2193 1280 2222 B.
1311 2192 1336 2222 Ι.

228 2251 313 2285 Ab..
333 2258 401 2285 pag.
425 2253 487 2284 178.

265 2306 319 2345 (3)
339 2306 433 2336 Cohf.
459 2303 652 2341 Gregorii
684 2304 783 2342 Epist.
823 2304 891 2334 Lib.
922 2304 1019 2342 vlu,
1047 2303 1140 2343 epist.
1171 2303 1204 2341 13
1235 2311 1266 2333 et
1294 2305 1333 2335 A.

1230 2359 1337 2391 Com-
