1483 2860
304 239 376 287 1:7³8
510 233 1186 276 COMMENTATIO

314 355 421 388 eum,
461 342 485 380 si
519 354 590 389 qua
623 341 775 389 posset,
815 353 879 379 eos
906 340 1128 389 appetivisse
1165 343 1257 390 (1):
1311 343 1413 392 atqui

315 414 410 451 idem
442 424 510 460 ego
550 413 766 454 contendO,
794 422 875 468 etim
904 412 953 449 ita
979 411 1023 448 iis
1058 409 1160 448 usum
1198 411 1334 460 fuisse,
1376 422 1418 450 ut

311 483 464 522 dubium
496 480 570 517 esse
607 489 792 526 nequeat,
830 489 953 519 utrum
989 480 1087 518 suam
1121 479 1234 528 ipfius
1263 482 1414 530 gloriam

310 562 348 590 et
388 551 613 598 potentiam,
641 560 687 586 an
718 548 853 596 patriae
889 548 1039 587 salutem
1069 549 1137 588 fibi
1171 549 1309 598 semper
1336 559 1420 588 ante

312 621 443 658 oculos
475 618 651 667 posuerit.
706 618 972 668 Quapropter,
1001 619 1026 656 fi
1055 621 1319 658 nonnullorum
1346 630 1420 657 ma-

312 689 499 728 livolentia
527 716 539 734 ‚
588 690 666 737 ejus
718 688 870 734 imperio
915 689 1098 725 reluctans
1128 717 1140 733 .‚
1198 688 1420 737 reipublicae

312 769 440 806 magna
474 758 602 795 damna
635 756 786 802 intulit,
826 757 937 806 hujus
967 757 1018 795 rei
1052 759 1161 806 culpa
1193 758 1342 796 minime
1382 757 1420 795 in

312 823 352 868 G
369 841 390 866 u
407 831 416 865 1
434 829 444 864 i
460 829 550 864 elm
569 839 590 864 u
609 838 640 863 in
658 826 746 872 ‚sed
779 835 918 863 tantum
951 826 988 863 in
1014 827 1195 874 ejusmodi
1228 827 1421 865 hominum

311 896 578 947 perversitatem
612 896 842 943 conjicienda
866 904 935 935 est.
976 895 1213 934 Excellentes
1235 895 1305 934 viri
1322 925 1333 941 ,
1354 896 1419 944 qui

312 967 443 1006 eximia
470 968 605 1002 virtute
630 976 670 1001 ac
695 964 865 1012 fingulari
887 964 1080 1011 prudentia
1107 965 1258 1012 patriam
1291 964 1420 1003 salvam

303 1038 495 1079 -reddunt,
533 1048 552 1072 a
584 1034 780 1072 lividorum
829 1033 1018 1071 hominum
1046 1033 1209 1081 invidia,
1238 1036 1342 1082 quod
1368 1034 1424 1072 hi-

313 1104 421 1146 storia
454 1104 597 1142 abunde
636 1112 818 1148 testatur,
859 1103 1038 1158 immunes
1075 1103 1151 1140 esse
1181 1114 1257 1140 non
1287 1104 1419 1141 solent.

309 1176 351 1215 In
383 1174 589 1213 memoriam
629 1184 845 1209 revocemus
884 1171 1165 1210 Miltiadem
1185 1201 1198 1219 ,
1224 1156 1348 1210 Aris
1365 1173 1423 1210 ti-

312 1246 445 1291 dem,
509 1244 796 1287 Cimonem,
848 1241 1153 1285 Camillum,
1211 1242 1424 1280 Cicero—

312 1324 412 1353 nem
443 1312 609 1358 aliosque
633 1309 792 1347 summos
815 1310 915 1346 viros
932 1336 944 1355 ,
973 1309 1109 1356 patriae
1137 1308 1336 1356 aliquando
1361 1323 1421 1348 ex-

314 1385 424 1422 sules.
478 1382 573 1430 Quis
610 1381 753 1417 tandem
785 1388 866 1424 est,
897 1378 960 1425 qui
988 1379 1090 1415 hisce
1119 1379 1292 1416 omnibus
1328 1380 1421 1417 hanc

316 1462 429 1504 neget⁴
446 1451 586 1500 laudem
603 1477 615 1495 ‚
646 1450 776 1495 quod,
806 1447 878 1484 suis
906 1447 1066 1495 ipsorum
1093 1449 1297 1486 commodis
1320 1458 1425 1496 post-

315 1521 470 1568 positis,
500 1521 651 1567 pati·iam
692 1517 829 1555 servare
855 1527 889 1553 et
916 1529 983 1564 pro
1018 1529 1057 1554 ea
1091 1518 1186 1555 vitae
1215 1516 1299 1555 'suae
1329 1518 1425 1567 peri·

319 1591 443 1628 culum
472 1588 615 1634 facere,
644 1587 735 1624 nihil
758 1588 857 1624 aliud
874 1615 886 1633 ‚
913 1595 1032 1623 mente
1059 1586 1247 1634 agitarint.
1301 1588 1421 1638 Quam

1338 1669 1423 1695 cum

350 1760 404 1794 (ι)
425 1760 490 1785 Hoc
516 1764 611 1785 tamen
633 1763 717 1784 certo
747 1755 858 1782 certius
889 1755 1032 1782 affirmare
1061 1762 1121 1782 non
1149 1755 1265 1787 audeo,
1287 1755 1419 1789 praeser-

311 1815 364 1843 tim
388 1814 457 1850 quia
476 1817 546 1841 haec
567 1814 628 1848 ipse
647 1813 767 1847 negavit
788 1811 963 1840 Gulieim
977 1819 1026 1840 us.
1039 1811 1133 1845 Apol.
1160 1818 1219 1839 cet.
1248 1818 1314 1844 pag.
1347 1820 1421 1845 142,

307 1873 359 1900 ubi
378 1874 449 1898 haec
468 1871 532 1902 ejus
546 1870 728 1898 suntverbat
745 1889 765 1901 ‚,
780 1869 988 1901 Belanghcnde
1000 1869 1020 1894 ‘t
1038 1869 1134 1901 ghent:
1154 1869 1238 1895 datze
1257 1875 1312 1895 ons
1328 1875 1422 1895 voot-

306 1947 329 1963 ‚‚
351 1928 491 1960 houden,
513 1927 559 1953 dat
582 1926 701 1957 xvii'ons
728 1927 846 1952 zouden
871 1932 931 1951 met
949 1926 1061 1956 gewelt
1080 1925 1156 1951 ende
1183 1931 1294 1958 oproer
1307 1932 1362 1952 van
1381 1925 1433 1952 de*
1464 1951 1465 1954 ,

305 2003 328 2019 ‚‚
349 1981 532 2017 ghemeijntc
551 2002 560 2012 ,
581 1983 687 2014 tcghen
712 1982 769 2008 den
797 1981 877 2008 wille
897 1988 952 2007 van
978 1982 1014 2008 de
1043 1982 1163 2011 Stat-en.
1194 1981 1312 2008 hebben
1339 1982 1419 2009 doen

304 2060 327 2076 ‚,
350 2041 507 2066 verlduen
530 2045 606 2064 νοοῖ·
636 2038 775 2065 Ruwnert
799 2038 875 2064 ende
900 2039 1089 2064 §cher-mnem-
1110 2044 1165 2064 van
1188 2037 1323 2065 Brabant.
1368 2036 1421 2070 Gii

305 2117 329 2133 ‚,
350 2098 412 2124 zui:
437 2095 515 2122 noch
542 2096 599 2121 wel
622 2093 769 2127 indachtig
795 2093 878 2127 zzjn‚
902 2093 996 2125 Mijne
1025 2093 1165 2126 Heeren,
1191 2093 1242 2121 dat
1267 2093 1316 2127 wii
1342 2094 1421 2122 ulie-

306 2174 332 2190 „
353 2158 410 2181 den
433 2151 520 2179 nooit
539 2158 615 2184 geen
641 2152 759 2178 w-oordt
786 2151 915 2177 dam-van
943 2149 1113 2183 gesproken
1130 2168 1139 2182 ,
1160 2149 1238 2176 noch
1264 2148 1419 2182 eenigzins

310 2230 333 2247 ,‚
353 2209 374 2237 't
409 2210 496 2236 zelve
531 2206 573 2239 bij
615 2206 737 2234 ulieden
769 2212 896 2240 νει-κοίῃ
926 2206 989 2233 ofte
1039 2207 1156 2233 daarom
1187 2206 1419 2238 annghehouden

303 2260 330 2303 ,ζ
350 2257 486 2295 ὴεὺδεηι
523 2270 599 2291 maai·
626 2263 685 2290 wel
709 2268 755 2289 ter
775 2261 964 2290 contrarien.
993 2262 1041 2288 dat
1059 2260 1112 2294 -wij
1133 2267 1268 2294 igrnoten
1295 2262 1413 2292 weder-

305 2344 331 2361 „
351 2323 443 2351 standx
463 2320 540 2349 ende
567 2318 778 2353 weijgexingen
798 2319 992 2353 dur-tegheo
1014 2316 1147 2346 dedena'·

772 2375 776 2399 Ι
