1483 2860
358 195 957 246 THEAOLOGIOA.
1179 220 1232 263 15

103 313 340 354 evanuerunt
353 334 370 357 ‚
417 319 505 346 cum
529 302 725 360 Arabes„
761 323 882 368 novae
920 316 1114 367 religionis
1164 333 1239 363 now

109 375 226 436 vique
263 376 301 416 in
343 364 500 420 Oriente
548 379 698 429 Imperii
731 393 907 435 auctores
924 415 940 436 ‚
990 389 1227 435 exstiterunt.

108 445 310 499 IJraefidia,
352 460 447 496 quae
484 450 523 489 in
565 461 745 501 promptu
777 464 909 506 erant,
943 466 980 497 et
1005 460 1103 510 alia,
1136 475 1233 512 quae

110 515 265 569 fortuna
307 517 486 564 afferebat
508 548 522 569 ‚
575 521 702 563 sedulo
746 527 997 568 adhibuerunt
1043 531 1233 583 Episcopi

108 585 296 637 Romani,
347 598 390 629 ut
433 593 683 633 monarchiam
713 595 811 636 suam
858 601 1062 640 conderent
1093 602 1235 644 stabili·

102 666 269 707 remque,
312 660 397 709 (ι).
468 662 579 701 Solus
623 665 739 714 igitur
781 667 968 718 supererat
1008 672 1231 725 Episcopus

106 715 579 781 constantinopolitanus,
607 738 809 783 potestatis
836 741 1032 782 Pontificis
1068 745 1235 786 Romani

101 798 290 847 aemulus3
314 799 454 841 frustra
478 803 540 842 hic
566 804 638 843 sese
665 807 915 854 Patriarcham
938 812 1232 857 Oecumenicum

104 866 226 919 (lixit,
264 856 331 918 qui
365 871 502 912 titulus
538 885 624 915 cum
652 875 737 916 sede
768 879 920 920 labente
948 894 1028 922 non
1047 896 1234 935 congrue·

103 935 182 984 bat.
209 938 342 991 Papae
361 943 434 980 hoc
461 954 627 993 nornen,
652 950 756 996 quod
779 959 884 990 antea
907 954 1233 1010 antichristianum

103 1006 248 1048 dixerat
269 1009 480 1060 Gregorius
495 1025 651 1064 magnus
674 1017 795 1070 (590)
809 1048 823 1068 ,
838 1019 906 1060 fibi
925 1025 1120 1073 proprium
1133 1025 1233 1066 sum-

101 1074 228 1121 serunt
263 1079 455 1130 Romani,
484 1093 686 1134 postquam
711 1089 759 1127 de
804 1090 875 1130 hac
908 1104 949 1131 re
985 1096 1120 1134 acriter
1140 1108 1233 1138 cum⁴

97 1146 323 1189 Patriarchis
348 1152 790 1205 ,Constantinopolitanis
819 1165 1119 1215 contenderant,
1158 1168 1227 1218 qui

100 1215 240 1262 devicti
275 1230 296 1258 e
326 1222 505 1269 palaestra
546 1228 792 1270 recesserunt.
852 1233 907 1272 Et
942 1234 988 1274 ab
1028 1237 1102 1275 hoc
1139 1238 1227 1278 inde

94 1292 265 1336 'tempore
295 1293 510 1333 monarchia
544 1295 742 1346 Romana,
779 1301 826 1339 ab
864 1304 1041 1344 omnibus
1076 1307 1223 1358 agnita,

95 1356 220 1396 locum
254 1360 472 1408 primarium
513 1364 552 1403 in
579 1367 670 1407 orbe
692 1369 911 1412 Christiano
930 1376 1069 1416 tenuit.

148 1428 280 1469 Medio
321 1432 468 1472 tandem
513 1434 660 1476 saeculo
706 1438 834 1490 VIII,
876 1446 1091 1486 monarchia
1132 1448 1223 1499 illa,

93 1508 188 1548 quae
227 1499 425 1550 hucusque
468 1506 713 1548 ecclesiastica
750 1511 874 1552 fuerat
892 1542 906 1562 ,
945 1517 1093 1558 civilem
1126 1519 1223 1559 asse.-

93 1575 181 1606 cuta
205 1578 262 1607 est
283 1573 541 1614 auctoritatem
557 1605 572 1624 ‚
594 1589 680 1617 cum
704 1580 826 1631 Papae
849 1585 1058 1627 dominium
1087 1598 1224 1631 terres·

95 1644 151 1687 tre
175 1638 416 1691 obtinerent3
435 1644 474 1683 hi
499 1646 596 1685 enim
615 1676 628 1697 ,
656 1649 773 1702 hujus
799 1655 928 1695 aetatis
948 1656 1086 1707 initio,
1115 1662 1223 1702 auxi-

92 1706 184 1754 lium
209 1711 388 1751 adversus
417 1713 695 1765 Longobardos
721 1721 768 1760 ab
790 1724 1018 1774 Imperatore
1037 1730 1222 1772 Orientali

85 1775 220 1816 iterum
263 1779 476 1832 iterumque
512 1786 653 1828 frustra
687 1792 922 1846 flagitantes,
964 1798 1036 1839 sese
1071 1803 1220 1843 tandem

88 1846 136 1891 ad
174 1859 283 1899 reges.
315 1851 516 1895 Francicos
561 1862 818 1904 contulerunt.
873 1868 1067 1920 Pepinus,
1117 1874 1227 1922 pala—2

90 1916 135 1954 tii
179 1918 390 1966 praefectus
416 1953 431 1972 ‚
487 1926 677 1977 Stephano
727 1934 797 1974 ΠΙ.
852 1949 964 1987 opem
1012 1942 1215 1993 praestitit,

93 1986 160 2035 qui
184 1989 279 2038 grati
303 1993 416 2032 animi
448 1997 557 2038 causa
593 2011 772 2044 coronam
806 2006 1036 2050 Francorum
1070 2012 1216 2063 Pepino

1144 2096 1217 2135 ob-

127 2201 181 2239 (ι)
203 2204 296 2236 conf.
319 2210 413 2238 Plan
425 2211 490 2247 ck,
524 2214 705 2247 Gescln'chte
726 2218 782 2247 der
813 2221 983 2258 Ges‘ellfih.
1006 2224 1214 2266 Verfassung,

95 2262 234 2294 zweyter
255 2263 358 2301 Band,
380 2273 412 2302 p.
432 2268 501 2303 ⁶⁵8·
521 2269 611 2307 sqq.;
632 2280 665 2302 et
682 2274 863 2315 Vinus,
882 2280 904 2309 1.
927 2286 955 2310 c.
975 2289 1008 2318 p·
1029 2289 1098 2319 ³92·
