1483 2860
230 235 302 263 ,ιο
471 221 1138 265 ΟΟΜΜΕΝΤΑΤῚΟ

244 344 287 371 ac
318 331 469 381 prorsus
495 333 688 372 exitiosum
718 332 844 383 foret,
879 346 1114 382 quacumque
1149 335 1274 384 posset
1301 343 1358 374 ra-

242 404 371 452 tione,
397 405 601 454 impedire,
628 406 727 454 apud
749 406 911 444 animum
939 405 1201 444 constituebat.
1253 407 1364 444 Prae-

245 474 340 512 clare
363 473 620 523 intelligebat,
660 483 796 522 quanta
810 477 939 514 damna
967 477 1252 515 Perenotus
1279 487 1360 514 mo-

242 544 398 592 liretur,
465 554 721 593 quantamque
786 543 864 585 vim
912 546 952 584 in
991 546 1203 598 Republica
1247 545 1360 584 habe-

243 623 313 652 ret.
365 615 496 662 Itaque
540 616 890 666 nihilgantiquius,
925 616 1020 654 nihil
1062 615 1265 665 optabilius
1295 616 1363 654 ha-¹

241 686 350 733 buit,
403 697 512 734 quam
558 693 600 724 ut
646 686 786 723 hancce
823 685 1069 734 Reipublicae
1106 686 1230 724 veluti·
1277 697 1366 734 pes·

241 764 314 793 tem
366 755 581 804 profligaret
622 764 659 793 et
703 756 741 794 in
781 755 996 804 Hispaniam
1032 755 1150 793 redire
1192 764 1359 805 cogeret.

241 827 386 865 Verum
420 826 734 872 Guilelmus,
772 834 813 862 ut
838 834 914 863 erat
943 826 1045 878 (π),
1074 835 1173 866 recte
1201 835 1359 873 quoque

239 897 512 949 perspiciebat,
539 897 673 944 magna
711 894 938 944 prudentia,
965 894 1247 941 moderatione,
1274 894 1368 932 leni-

235 977 340 1015 tate,
375 965 514 1005 astutia
549 966 622 1004 hac
658 965 697 1003 in
730 977 779 1002 re-
802 966 979 1003 utendum
1021 976 1145 1012 neque
1176 963 1295 1002 statim
1322 964 1363 1006 vi

237 1039 420 1088 agendum
456 1037 548 1075 esse.
616 1036 742 1085 Quare
779 1035 917 1083 regiam
957 1034 1218 1072 auctoritatem
1249 1044 1362 1072 vene-

237 1113 325 1148 laus
354 1119 395 1145 ac
428 1106 575 1146 servans
592 1133 605 1153 ,
633 1104 830 1152 consiliis,
858 1103 1124 1151 sermonibus,
1162 1102 1363 1151 precibus-

240 1191 312 1227 que
347 1188 482 1223 omne‚
520 1177 625 1224 quod
653 1175 944 1222 extimescebat,
982 1174 1193 1223 periculum
1219 1180 1362 1216 averte·

233 1262 277 1288 re
306 1246 483 1290 decrevit.

780 1386 816 1433 ς,
859 1397 896 1431 4.

229 1551 234 1554 ·
290 1541 476 1583 Confecta
502 1553 592 1591 pace
616 1541 654 1578 in
691 1540 908 1588 Hispaniam
940 1538 1130 1587 proficisci
1158 1538 1358 1576 vehemen-

232 1613 293 1652 'ter
323 1612 497 1662 cupiebat
524 1611 814 1660 Philippus.
867 1610 1004 1657 Neque
1033 1608 1242 1648 inconsulta
1280 1617 1360 1646 erat·

238 1685 370 1722 haecce
389 1683 469 1732 ejus
492 1682 693 1738 cupiditas.
731 1680 906 1731 Quatuor
934 1679 1031 1717 enim
1052 1678 1138 1717 anni
1161 1679 1235 1728 jam
1260 1679 1359 1726 elap—

235 1749 268 1792 'si
306 1762 431 1801 erant,
462 1762 665 1802 postquam
697 1750 901 1800 Hispaniae
935 1761 1089 1799 regnum
1115 1761 1136 1788 a
1164 1757 1269 1799 patre
1300 1760 1362 1788 ac-

1299 1831 1359 1858 ce-

230 1967 232 1971 ,
269 1941 329 1978 '(1)
349 1941 491 1970 Breviter
519 1948 648 1969 attamen
684 1949 753 1975 apte
789 1940 913 1975 Hugo*
945 1939 1122 1970 Grotius
1152 1940 1183 1969 in
1209 1941 1291 1970 Anu.
1327 1941 1354 1971 1.

235 2007 303 2035 pag.
327 2008 356 2034 7.
382 1998 627 2027 Gulielmum
648 2004 805 2032 nostrum,
827 1997 873 2026 his
897 1997 1000 2026 verbis
1024 1997 1211 2026 delineavit:
1232 2018 1256 2033 „
1275 1999 1362 2027 Ade-

235 2076 262 2098 7‘
284 2063 328 2084 rat
350 2056 470 2090 antiqua
490 2054 589 2089 gemis
618 2053 786 2088 claritudo,
808 2054 1010 2087 possesfiones
1041 2061 1095 2089 per
1121 2053 1272 2089 Belgicam
1297 2062 1358 2082 am·

232 2113 265 2149 ⁸„
289 2112 457 2148 plisfimae,
475 2119 592 2140 animus
610 2111 714 2145 ingens
731 2118 763 2139 et
782 2112 882 2139 celans
903 2111 947 2138 sui
961 2131 970 2145 ‚
990 2119 1043 2147 par
1061 2111 1152 2139 animi
1177 2111 1356 2146 magnitudi-

231 2187 267 2207 2„
288 2169 318 2198 ni
339 2168 515 2201 confilium,
549 2175 580 2195 et
611 2167 787 2204 quantaevis
812 2168 954 2196 fortunae
986 2173 1099 2204 capax3
1137 2169 1298 2198 crudelitas
1328 2177 1358 2200 et

233 2248 266 2270 ρ,
287 2226 413 2255 avaritia
439 2226 526 2254 nullo
550 2225 586 2253 ab
610 2224 733 2260 ingenio
752 2225 871 2260 longius
893 2226 1029 2255 abfuere.
1051 2224 1176 2255 Validus
1193 2233 1294 2254 rerum
1312 2232 1363 2257 re-

239 2303 262 2319 „
285 2283 511 2312 motisssmarum
534 2282 671 2317 indagine
702 2282 819 2317 fidaque
836 2291 937 2312 rerum
959 2282 1094 2313 omnium
1114 2282 1325 2313 »annuatia-'³⁴
