<?xml version="1.0" encoding="UTF-8"?>
<!DOCTYPE html PUBLIC "-//W3C//DTD XHTML 1.0 Transitional//EN"
    "http://www.w3.org/TR/xhtml1/DTD/xhtml1-transitional.dtd">
<html xmlns="http://www.w3.org/1999/xhtml" xml:lang="en" lang="en">
 <head>
  <title>
</title>
<meta http-equiv="Content-Type" content="text/html;charset=utf-8" />
  <meta name='ocr-system' content='tesseract 3.04.00' />
  <meta name='ocr-capabilities' content='ocr_page ocr_carea ocr_par ocr_line ocrx_word'/>
</head>
<body>
  <div class='ocr_page' id='page_1' title='image "annalesacademiae29acad_0456.png"; bbox 0 0 1483 2860; ppageno 0'>
   <div class='ocr_carea' id='block_1_1' title="bbox 247 253 1154 302">
    <p class='ocr_par' dir='ltr' id='par_1_1' title="bbox 247 253 1154 302">
     <span class='ocr_line' id='line_1_1' title="bbox 247 253 1154 302; baseline 0.003 -9"><span class='ocrx_word' id='word_1_1' title='bbox 247 257 308 302; x_wconf 82' lang='lat'>48-</span> <span class='ocrx_word' id='word_1_2' title='bbox 470 253 1154 296; x_wconf 87' lang='lat' dir='ltr'><strong>COMMENTATIO</strong></span> 
     </span>
    </p>
   </div>
   <div class='ocr_carea' id='block_1_2' title="bbox 245 363 1387 2441">
    <p class='ocr_par' dir='ltr' id='par_1_2' title="bbox 245 363 1387 2373">
     <span class='ocr_line' id='line_1_2' title="bbox 248 363 1375 416; baseline 0.004 -14"><span class='ocrx_word' id='word_1_3' title='bbox 248 363 419 402; x_wconf 85' lang='lat' dir='ltr'>venirent</span> <span class='ocrx_word' id='word_1_4' title='bbox 456 364 756 404; x_wconf 84' lang='lat' dir='ltr'>Gulielmus</span> <span class='ocrx_word' id='word_1_5' title='bbox 801 376 822 403; x_wconf 75' lang='lat' dir='ltr'>a</span> <span class='ocrx_word' id='word_1_6' title='bbox 861 363 1156 414; x_wconf 87' lang='lat' dir='ltr'>Margarita</span> <span class='ocrx_word' id='word_1_7' title='bbox 1194 373 1375 416; x_wconf 82' lang='lat' dir='ltr'>rogatus,</span> 
     </span>
     <span class='ocr_line' id='line_1_3' title="bbox 245 433 1373 483; baseline 0.004 -12"><span class='ocrx_word' id='word_1_8' title='bbox 245 433 346 472; x_wconf 86' lang='lat' dir='ltr'>illius</span> <span class='ocrx_word' id='word_1_9' title='bbox 381 434 562 482; x_wconf 86' lang='lat' dir='ltr'>temporis</span> <span class='ocrx_word' id='word_1_10' title='bbox 600 434 800 483; x_wconf 86' lang='lat' dir='ltr'>ancipitem</span> <span class='ocrx_word' id='word_1_11' title='bbox 840 446 965 473; x_wconf 85' lang='lat' dir='ltr'>rerum</span> <span class='ocrx_word' id='word_1_12' title='bbox 1001 434 1134 474; x_wconf 88' lang='lat' dir='ltr'>statum</span> <span class='ocrx_word' id='word_1_13' title='bbox 1178 435 1238 475; x_wconf 86' lang='lat' dir='ltr'>his</span> <span class='ocrx_word' id='word_1_14' title='bbox 1289 436 1373 476; x_wconf 87' lang='lat' dir='ltr'>fere</span> 
     </span>
     <span class='ocr_line' id='line_1_4' title="bbox 246 503 1374 551; baseline 0.004 -10"><span class='ocrx_word' id='word_1_15' title='bbox 246 503 373 541; x_wconf 90' lang='lat' dir='ltr'>verbis</span> <span class='ocrx_word' id='word_1_16' title='bbox 396 503 584 551; x_wconf 87' lang='lat' dir='ltr'><strong>exposuit.</strong></span> <span class='ocrx_word' id='word_1_17' title='bbox 639 530 664 551; x_wconf 83' lang='lat'>‚‚</span> <span class='ocrx_word' id='word_1_18' title='bbox 689 504 783 542; x_wconf 88' lang='lat' dir='ltr'>Non</span> <span class='ocrx_word' id='word_1_19' title='bbox 810 503 994 543; x_wconf 87' lang='lat' dir='ltr'>immerito</span> <span class='ocrx_word' id='word_1_20' title='bbox 1024 516 1267 545; x_wconf 86' lang='lat' dir='ltr'>commoveor</span> <span class='ocrx_word' id='word_1_21' title='bbox 1302 519 1374 546; x_wconf 89' lang='lat' dir='ltr'>no-</span> 
     </span>
     <span class='ocr_line' id='line_1_5' title="bbox 251 573 1374 624; baseline 0.005 -15"><span class='ocrx_word' id='word_1_22' title='bbox 251 598 277 620; x_wconf 82' lang='lat'>‚‚</span> <span class='ocrx_word' id='word_1_23' title='bbox 302 573 402 610; x_wconf 89' lang='lat' dir='ltr'>mine</span> <span class='ocrx_word' id='word_1_24' title='bbox 429 573 701 620; x_wconf 79' lang='lat' dir='ltr'>Reipublicae,</span> <span class='ocrx_word' id='word_1_25' title='bbox 730 574 982 622; x_wconf 86' lang='lat' dir='ltr'>quamcircum</span> <span class='ocrx_word' id='word_1_26' title='bbox 1023 574 1196 624; x_wconf 88' lang='lat' dir='ltr'>intraque</span> <span class='ocrx_word' id='word_1_27' title='bbox 1227 575 1374 615; x_wconf 84' lang='lat' dir='ltr'>sectarii</span> 
     </span>
     <span class='ocr_line' id='line_1_6' title="bbox 250 641 1376 695; baseline 0.005 -16"><span class='ocrx_word' id='word_1_28' title='bbox 250 668 276 690; x_wconf 80' lang='lat'>,‚</span> <span class='ocrx_word' id='word_1_29' title='bbox 300 641 514 691; x_wconf 78' lang='lat' dir='ltr'>lacessunt,</span> <span class='ocrx_word' id='word_1_30' title='bbox 569 652 607 681; x_wconf 90' lang='lat' dir='ltr'>et</span> <span class='ocrx_word' id='word_1_31' title='bbox 648 644 847 691; x_wconf 85' lang='lat' dir='ltr'>penetralia</span> <span class='ocrx_word' id='word_1_32' title='bbox 888 645 967 694; x_wconf 85' lang='lat' dir='ltr'>ejus</span> <span class='ocrx_word' id='word_1_33' title='bbox 1018 646 1157 685; x_wconf 84' lang='lat' dir='ltr'>crebris</span> <span class='ocrx_word' id='word_1_34' title='bbox 1197 647 1376 695; x_wconf 86' lang='lat' dir='ltr'>quatiunt</span> 
     </span>
     <span class='ocr_line' id='line_1_7' title="bbox 249 713 1373 762; baseline 0.004 -11"><span class='ocrx_word' id='word_1_35' title='bbox 249 739 274 761; x_wconf 81' lang='lat'>‚,</span> <span class='ocrx_word' id='word_1_36' title='bbox 299 713 483 752; x_wconf 87' lang='lat' dir='ltr'>motibus.</span> <span class='ocrx_word' id='word_1_37' title='bbox 539 713 720 751; x_wconf 86' lang='lat' dir='ltr'>Remedia</span> <span class='ocrx_word' id='word_1_38' title='bbox 748 715 820 752; x_wconf 86' lang='lat' dir='ltr'>ista</span> <span class='ocrx_word' id='word_1_39' title='bbox 857 715 1085 762; x_wconf 37' lang='lat' dir='ltr'>languentis‘</span> <span class='ocrx_word' id='word_1_40' title='bbox 1103 716 1185 754; x_wconf 89' lang='lat' dir='ltr'>aevi</span> <span class='ocrx_word' id='word_1_41' title='bbox 1216 717 1373 755; x_wconf 91' lang='lat' dir='ltr'>modum</span> 
     </span>
     <span class='ocr_line' id='line_1_8' title="bbox 249 773 1369 834; baseline 0.003 -13"><span class='ocrx_word' id='word_1_42' title='bbox 249 811 273 831; x_wconf 87' lang='lat'>„</span> <span class='ocrx_word' id='word_1_43' title='bbox 302 783 590 832; x_wconf 79' lang='lat' dir='ltr'>excedunt3nifi</span> <span class='ocrx_word' id='word_1_44' title='bbox 606 783 738 833; x_wconf 90' lang='lat' dir='ltr'>sponte</span> <span class='ocrx_word' id='word_1_45' title='bbox 761 783 800 822; x_wconf 90' lang='lat' dir='ltr'>in</span> <span class='ocrx_word' id='word_1_46' title='bbox 821 783 1101 833; x_wconf 88' lang='lat' dir='ltr'>Labyrinthum</span> <span class='ocrx_word' id='word_1_47' title='bbox 1115 773 1263 824; x_wconf 78' lang='lat' dir='ltr'>currere</span> <span class='ocrx_word' id='word_1_48' title='bbox 1288 786 1369 834; x_wconf 84' lang='lat' dir='ltr'>pla-</span> 
     </span>
     <span class='ocr_line' id='line_1_9' title="bbox 251 852 1368 902; baseline 0 -11"><span class='ocrx_word' id='word_1_49' title='bbox 251 879 276 902; x_wconf 83' lang='lat'>„</span> <span class='ocrx_word' id='word_1_50' title='bbox 301 862 382 900; x_wconf 88' lang='lat' dir='ltr'>cet,</span> <span class='ocrx_word' id='word_1_51' title='bbox 419 854 517 891; x_wconf 88' lang='lat' dir='ltr'>unde</span> <span class='ocrx_word' id='word_1_52' title='bbox 551 852 628 890; x_wconf 87' lang='lat' dir='ltr'>sera</span> <span class='ocrx_word' id='word_1_53' title='bbox 670 863 741 890; x_wconf 89' lang='lat' dir='ltr'>nos</span> <span class='ocrx_word' id='word_1_54' title='bbox 770 853 1000 901; x_wconf 87' lang='lat' dir='ltr'>poenitentia</span> <span class='ocrx_word' id='word_1_55' title='bbox 1040 853 1115 892; x_wconf 85' lang='lat' dir='ltr'>fine</span> <span class='ocrx_word' id='word_1_56' title='bbox 1159 855 1304 902; x_wconf 87' lang='lat' dir='ltr'>pudore</span> <span class='ocrx_word' id='word_1_57' title='bbox 1329 861 1368 892; x_wconf 89' lang='lat' dir='ltr'>et</span> 
     </span>
     <span class='ocr_line' id='line_1_10' title="bbox 251 922 1371 971; baseline 0 -10"><span class='ocrx_word' id='word_1_58' title='bbox 251 948 285 971; x_wconf 82' lang='lat'>„-</span> <span class='ocrx_word' id='word_1_59' title='bbox 302 923 437 961; x_wconf 84' lang='lat' dir='ltr'>damno</span> <span class='ocrx_word' id='word_1_60' title='bbox 471 934 550 960; x_wconf 92' lang='lat' dir='ltr'>non</span> <span class='ocrx_word' id='word_1_61' title='bbox 573 923 719 971; x_wconf 87' lang='lat' dir='ltr'>eripiat.</span> <span class='ocrx_word' id='word_1_62' title='bbox 776 923 817 961; x_wconf 90' lang='lat' dir='ltr'>Si</span> <span class='ocrx_word' id='word_1_63' title='bbox 851 922 1032 970; x_wconf 76' lang='lat' dir='ltr'>nescitis3</span> <span class='ocrx_word' id='word_1_64' title='bbox 1058 922 1286 961; x_wconf 85' lang='lat' dir='ltr'>atrocisfima</span> <span class='ocrx_word' id='word_1_65' title='bbox 1312 933 1371 961; x_wconf 84' lang='lat' dir='ltr'>re-</span> 
     </span>
     <span class='ocr_line' id='line_1_11' title="bbox 247 991 1368 1042; baseline 0.001 -12"><span class='ocrx_word' id='word_1_66' title='bbox 247 1021 272 1042; x_wconf 88' lang='lat'>„</span> <span class='ocrx_word' id='word_1_67' title='bbox 296 993 448 1042; x_wconf 78' lang='lat' dir='ltr'>lig-ionis</span> <span class='ocrx_word' id='word_1_68' title='bbox 472 991 557 1031; x_wconf 90' lang='lat' dir='ltr'>sunt</span> <span class='ocrx_word' id='word_1_69' title='bbox 582 991 744 1034; x_wconf 84' lang='lat' dir='ltr'>disfidia.</span> <span class='ocrx_word' id='word_1_70' title='bbox 771 993 815 1031; x_wconf 91' lang='lat' dir='ltr'>In</span> <span class='ocrx_word' id='word_1_71' title='bbox 841 992 965 1031; x_wconf 87' lang='lat' dir='ltr'>Gallis</span> <span class='ocrx_word' id='word_1_72' title='bbox 986 992 1157 1041; x_wconf 84' lang='lat' dir='ltr'>praesens</span> <span class='ocrx_word' id='word_1_73' title='bbox 1186 993 1368 1031; x_wconf 84' lang='lat' dir='ltr'>habemus</span> 
     </span>
     <span class='ocr_line' id='line_1_12' title="bbox 247 1062 1368 1112; baseline -0.001 -11"><span class='ocrx_word' id='word_1_74' title='bbox 247 1090 272 1111; x_wconf 88' lang='lat'>‚‚</span> <span class='ocrx_word' id='word_1_75' title='bbox 298 1064 537 1112; x_wconf 82' lang='lat' dir='ltr'>exemplum,</span> <span class='ocrx_word' id='word_1_76' title='bbox 565 1062 632 1111; x_wconf 89' lang='lat' dir='ltr'>qui</span> <span class='ocrx_word' id='word_1_77' title='bbox 655 1073 757 1101; x_wconf 88' lang='lat' dir='ltr'>nunc</span> <span class='ocrx_word' id='word_1_78' title='bbox 782 1063 822 1100; x_wconf 91' lang='lat' dir='ltr'>in</span> <span class='ocrx_word' id='word_1_79' title='bbox 846 1062 881 1100; x_wconf 92' lang='lat' dir='ltr'>se</span> <span class='ocrx_word' id='word_1_80' title='bbox 914 1063 1063 1111; x_wconf 87' lang='lat' dir='ltr'>acrius,</span> <span class='ocrx_word' id='word_1_81' title='bbox 1094 1075 1205 1111; x_wconf 88' lang='lat' dir='ltr'>quam</span> <span class='ocrx_word' id='word_1_82' title='bbox 1229 1062 1270 1101; x_wconf 90' lang='lat' dir='ltr'>in</span> <span class='ocrx_word' id='word_1_83' title='bbox 1292 1072 1368 1100; x_wconf 81' lang='lat' dir='ltr'>nos</span> 
     </span>
     <span class='ocr_line' id='line_1_13' title="bbox 247 1130 1373 1182; baseline -0.003 -10"><span class='ocrx_word' id='word_1_84' title='bbox 247 1158 273 1182; x_wconf 76' lang='lat'>‚‚</span> <span class='ocrx_word' id='word_1_85' title='bbox 299 1134 389 1172; x_wconf 90' lang='lat' dir='ltr'>olim</span> <span class='ocrx_word' id='word_1_86' title='bbox 422 1134 675 1173; x_wconf 85' lang='lat' dir='ltr'>incurrerunt.</span> <span class='ocrx_word' id='word_1_87' title='bbox 713 1132 811 1173; x_wconf 85' lang='lat' dir='ltr'>Tam</span> <span class='ocrx_word' id='word_1_88' title='bbox 837 1141 984 1172; x_wconf 85' lang='lat' dir='ltr'>vastum</span> <span class='ocrx_word' id='word_1_89' title='bbox 1007 1144 1163 1181; x_wconf 88' lang='lat' dir='ltr'>regnum</span> <span class='ocrx_word' id='word_1_90' title='bbox 1200 1132 1253 1170; x_wconf 89' lang='lat' dir='ltr'>ita</span> <span class='ocrx_word' id='word_1_91' title='bbox 1276 1130 1373 1170; x_wconf 85' lang='lat' dir='ltr'>sedi·</span> 
     </span>
     <span class='ocr_line' id='line_1_14' title="bbox 247 1202 1374 1252; baseline -0.002 -10"><span class='ocrx_word' id='word_1_92' title='bbox 247 1230 272 1252; x_wconf 85' lang='lat'>„</span> <span class='ocrx_word' id='word_1_93' title='bbox 296 1204 402 1242; x_wconf 88' lang='lat' dir='ltr'>tione</span> <span class='ocrx_word' id='word_1_94' title='bbox 430 1204 653 1248; x_wconf 86' lang='lat' dir='ltr'>distractum</span> <span class='ocrx_word' id='word_1_95' title='bbox 695 1213 780 1251; x_wconf 86' lang='lat' dir='ltr'>est,</span> <span class='ocrx_word' id='word_1_96' title='bbox 808 1212 852 1242; x_wconf 88' lang='lat' dir='ltr'>ut</span> <span class='ocrx_word' id='word_1_97' title='bbox 871 1203 1044 1242; x_wconf 88' lang='lat' dir='ltr'>videatur</span> <span class='ocrx_word' id='word_1_98' title='bbox 1074 1202 1181 1241; x_wconf 85' lang='lat' dir='ltr'>aliter</span> <span class='ocrx_word' id='word_1_99' title='bbox 1215 1212 1374 1250; x_wconf 88' lang='lat' dir='ltr'>compo·</span> 
     </span>
     <span class='ocr_line' id='line_1_15' title="bbox 248 1259 1371 1322; baseline -0.003 -11"><span class='ocrx_word' id='word_1_100' title='bbox 248 1299 273 1321; x_wconf 86' lang='lat'><strong>„</strong></span> <span class='ocrx_word' id='word_1_101' title='bbox 296 1273 336 1311; x_wconf 90' lang='lat' dir='ltr'>ni</span> <span class='ocrx_word' id='word_1_102' title='bbox 355 1284 434 1312; x_wconf 89' lang='lat' dir='ltr'>non</span> <span class='ocrx_word' id='word_1_103' title='bbox 454 1274 564 1322; x_wconf 89' lang='lat' dir='ltr'>posse</span> <span class='ocrx_word' id='word_1_104' title='bbox 578 1303 591 1322; x_wconf 87' lang='lat'><strong>,</strong></span> <span class='ocrx_word' id='word_1_105' title='bbox 607 1286 718 1322; x_wconf 86' lang='lat' dir='ltr'>quam</span> <span class='ocrx_word' id='word_1_106' title='bbox 742 1274 894 1312; x_wconf 87' lang='lat' dir='ltr'>alterius</span> <span class='ocrx_word' id='word_1_107' title='bbox 919 1273 1035 1321; x_wconf 86' lang='lat' dir='ltr'>partis</span> <span class='ocrx_word' id='word_1_108' title='bbox 1052 1259 1182 1311; x_wconf 83' lang='lat' dir='ltr'>exitio.</span> <span class='ocrx_word' id='word_1_109' title='bbox 1210 1271 1316 1321; x_wconf 89' lang='lat' dir='ltr'><strong>Quid</strong></span> <span class='ocrx_word' id='word_1_110' title='bbox 1342 1270 1371 1309; x_wconf 85' lang='lat' dir='ltr'>s1</span> 
     </span>
     <span class='ocr_line' id='line_1_16' title="bbox 248 1340 1370 1391; baseline -0.002 -11"><span class='ocrx_word' id='word_1_111' title='bbox 248 1341 442 1390; x_wconf 73' lang='lat' dir='ltr'>„sectarii</span> <span class='ocrx_word' id='word_1_112' title='bbox 465 1343 617 1390; x_wconf 74' lang='lat' dir='ltr'>nostri,</span> <span class='ocrx_word' id='word_1_113' title='bbox 641 1343 746 1391; x_wconf 84' lang='lat' dir='ltr'>quod</span> <span class='ocrx_word' id='word_1_114' title='bbox 764 1341 839 1381; x_wconf 86' lang='lat' dir='ltr'>suis</span> <span class='ocrx_word' id='word_1_115' title='bbox 863 1352 1058 1391; x_wconf 86' lang='lat' dir='ltr'>nequeunt</span> <span class='ocrx_word' id='word_1_116' title='bbox 1083 1340 1262 1389; x_wconf 87' lang='lat' dir='ltr'>consequi</span> <span class='ocrx_word' id='word_1_117' title='bbox 1274 1340 1370 1379; x_wconf 83' lang='lat' dir='ltr'>viri·</span> 
     </span>
     <span class='ocr_line' id='line_1_17' title="bbox 246 1411 1363 1461; baseline -0.003 -10"><span class='ocrx_word' id='word_1_118' title='bbox 246 1440 272 1460; x_wconf 85' lang='lat'>‚.‚</span> <span class='ocrx_word' id='word_1_119' title='bbox 296 1412 393 1461; x_wconf 79' lang='lat' dir='ltr'>bus,</span> <span class='ocrx_word' id='word_1_120' title='bbox 416 1411 562 1451; x_wconf 86' lang='lat' dir='ltr'>excidio</span> <span class='ocrx_word' id='word_1_121' title='bbox 580 1412 718 1461; x_wconf 85' lang='lat' dir='ltr'>patriae</span> <span class='ocrx_word' id='word_1_122' title='bbox 731 1412 877 1450; x_wconf 88' lang='lat' dir='ltr'>aliunde</span> <span class='ocrx_word' id='word_1_123' title='bbox 900 1419 1079 1459; x_wconf 88' lang='lat' dir='ltr'>quaerant</span> <span class='ocrx_word' id='word_1_124' title='bbox 1095 1411 1363 1459; x_wconf 81' lang='lat' dir='ltr'>‚aemulasque</span> 
     </span>
     <span class='ocr_line' id='line_1_18' title="bbox 249 1479 1372 1532; baseline -0.003 -12"><span class='ocrx_word' id='word_1_125' title='bbox 249 1510 274 1530; x_wconf 87' lang='lat'>„</span> <span class='ocrx_word' id='word_1_126' title='bbox 301 1491 429 1532; x_wconf 84' lang='lat' dir='ltr'>gentes</span> <span class='ocrx_word' id='word_1_127' title='bbox 451 1482 572 1532; x_wconf 90' lang='lat' dir='ltr'>specie</span> <span class='ocrx_word' id='word_1_128' title='bbox 606 1481 736 1520; x_wconf 86' lang='lat' dir='ltr'>auxilii</span> <span class='ocrx_word' id='word_1_129' title='bbox 769 1480 958 1519; x_wconf 83' lang='lat' dir='ltr'>arcessunt</span> <span class='ocrx_word' id='word_1_130' title='bbox 991 1480 1032 1518; x_wconf 88' lang='lat' dir='ltr'>in</span> <span class='ocrx_word' id='word_1_131' title='bbox 1062 1481 1262 1518; x_wconf 86' lang='lat' dir='ltr'>laceratum</span> <span class='ocrx_word' id='word_1_132' title='bbox 1295 1479 1372 1518; x_wconf 89' lang='lat' dir='ltr'>dis-</span> 
     </span>
     <span class='ocr_line' id='line_1_19' title="bbox 248 1550 1372 1601; baseline -0.003 -10"><span class='ocrx_word' id='word_1_133' title='bbox 248 1579 273 1601; x_wconf 86' lang='lat'><strong>„</strong></span> <span class='ocrx_word' id='word_1_134' title='bbox 297 1552 438 1591; x_wconf 85' lang='lat' dir='ltr'>cordiis</span> <span class='ocrx_word' id='word_1_135' title='bbox 469 1551 698 1600; x_wconf 73' lang='lat' dir='ltr'>imperium?</span> <span class='ocrx_word' id='word_1_136' title='bbox 733 1551 936 1589; x_wconf 86' lang='lat' dir='ltr'>acerrimus</span> <span class='ocrx_word' id='word_1_137' title='bbox 966 1550 1112 1589; x_wconf 87' lang='lat' dir='ltr'>morsus</span> <span class='ocrx_word' id='word_1_138' title='bbox 1156 1559 1213 1588; x_wconf 87' lang='lat' dir='ltr'>est</span> <span class='ocrx_word' id='word_1_139' title='bbox 1247 1550 1372 1588; x_wconf 85' lang='lat' dir='ltr'>irrita-</span> 
     </span>
     <span class='ocr_line' id='line_1_20' title="bbox 248 1620 1370 1672; baseline -0.003 -11"><span class='ocrx_word' id='word_1_140' title='bbox 248 1650 273 1672; x_wconf 84' lang='lat'>„</span> <span class='ocrx_word' id='word_1_141' title='bbox 299 1632 359 1661; x_wconf 88' lang='lat' dir='ltr'>tae</span> <span class='ocrx_word' id='word_1_142' title='bbox 399 1621 642 1661; x_wconf 74' lang='lat' dir='ltr'>necessitatis.</span> <span class='ocrx_word' id='word_1_143' title='bbox 708 1621 845 1670; x_wconf 90' lang='lat' dir='ltr'>Neque</span> <span class='ocrx_word' id='word_1_144' title='bbox 892 1621 1027 1670; x_wconf 83' lang='lat' dir='ltr'>ignoro</span> <span class='ocrx_word' id='word_1_145' title='bbox 1074 1620 1209 1659; x_wconf 88' lang='lat' dir='ltr'>adferri</span> <span class='ocrx_word' id='word_1_146' title='bbox 1253 1621 1370 1659; x_wconf 78' lang='lat' dir='ltr'>multa</span> 
     </span>
     <span class='ocr_line' id='line_1_21' title="bbox 249 1690 1373 1744; baseline -0.003 -12"><span class='ocrx_word' id='word_1_147' title='bbox 249 1722 274 1744; x_wconf 85' lang='lat'>,‚</span> <span class='ocrx_word' id='word_1_148' title='bbox 300 1693 433 1744; x_wconf 84' lang='lat' dir='ltr'>posse,</span> <span class='ocrx_word' id='word_1_149' title='bbox 486 1703 582 1740; x_wconf 85' lang='lat' dir='ltr'>quae</span> <span class='ocrx_word' id='word_1_150' title='bbox 616 1703 638 1730; x_wconf 92' lang='lat' dir='ltr'>a</span> <span class='ocrx_word' id='word_1_151' title='bbox 670 1691 890 1740; x_wconf 83' lang='lat' dir='ltr'>derogandis</span> <span class='ocrx_word' id='word_1_152' title='bbox 928 1691 1076 1741; x_wconf 84' lang='lat' dir='ltr'>legibus</span> <span class='ocrx_word' id='word_1_153' title='bbox 1113 1702 1184 1729; x_wconf 83' lang='lat' dir='ltr'>nos</span> <span class='ocrx_word' id='word_1_154' title='bbox 1235 1690 1373 1729; x_wconf 81' lang='lat' dir='ltr'>abster-</span> 
     </span>
     <span class='ocr_line' id='line_1_22' title="bbox 247 1760 1385 1812; baseline -0.004 -10"><span class='ocrx_word' id='word_1_155' title='bbox 247 1778 279 1812; x_wconf 61' lang='grc' dir='ltr'>ς,</span> <span class='ocrx_word' id='word_1_156' title='bbox 306 1771 425 1805; x_wconf 83' lang='lat' dir='ltr'>reant.</span> <span class='ocrx_word' id='word_1_157' title='bbox 480 1762 580 1801; x_wconf 87' lang='lat' dir='ltr'>Nam</span> <span class='ocrx_word' id='word_1_158' title='bbox 609 1772 678 1799; x_wconf 89' lang='lat' dir='ltr'>nec</span> <span class='ocrx_word' id='word_1_159' title='bbox 700 1760 776 1810; x_wconf 89' lang='lat' dir='ltr'>ipse</span> <span class='ocrx_word' id='word_1_160' title='bbox 808 1762 909 1810; x_wconf 85' lang='lat' dir='ltr'>leges</span> <span class='ocrx_word' id='word_1_161' title='bbox 929 1770 1068 1800; x_wconf 88' lang='lat' dir='ltr'>temere</span> <span class='ocrx_word' id='word_1_162' title='bbox 1090 1761 1287 1800; x_wconf 84' lang='lat' dir='ltr'>vertendas</span> <span class='ocrx_word' id='word_1_163' title='bbox 1310 1761 1385 1811; x_wconf 83' lang='lat' dir='ltr'>ju·-</span> 
     </span>
     <span class='ocr_line' id='line_1_23' title="bbox 250 1829 1387 1881; baseline -0.004 -9"><span class='ocrx_word' id='word_1_164' title='bbox 250 1861 274 1881; x_wconf 86' lang='lat'>„</span> <span class='ocrx_word' id='word_1_165' title='bbox 300 1834 411 1880; x_wconf 77' lang='lat' dir='ltr'>dico,</span> <span class='ocrx_word' id='word_1_166' title='bbox 440 1833 465 1871; x_wconf 84' lang='lat' dir='ltr'>fi</span> <span class='ocrx_word' id='word_1_167' title='bbox 502 1843 611 1880; x_wconf 90' lang='lat' dir='ltr'>pares</span> <span class='ocrx_word' id='word_1_168' title='bbox 638 1840 747 1870; x_wconf 85' lang='lat' dir='ltr'>erunt</span> <span class='ocrx_word' id='word_1_169' title='bbox 777 1832 959 1880; x_wconf 78' lang='lat' dir='ltr'>flagitii53</span> <span class='ocrx_word' id='word_1_170' title='bbox 990 1831 1016 1869; x_wconf 86' lang='lat' dir='ltr'>fi</span> <span class='ocrx_word' id='word_1_171' title='bbox 1043 1830 1212 1869; x_wconf 89' lang='lat' dir='ltr'>conditio</span> <span class='ocrx_word' id='word_1_172' title='bbox 1248 1829 1387 1868; x_wconf 60' lang='lat' dir='ltr'>faecu-</span> 
     </span>
     <span class='ocr_line' id='line_1_24' title="bbox 251 1898 1374 1952; baseline -0.004 -10"><span class='ocrx_word' id='word_1_173' title='bbox 251 1931 275 1952; x_wconf 85' lang='lat'>,‚</span> <span class='ocrx_word' id='word_1_174' title='bbox 300 1903 327 1942; x_wconf 91' lang='lat' dir='ltr'>li</span> <span class='ocrx_word' id='word_1_175' title='bbox 357 1903 509 1941; x_wconf 88' lang='lat' dir='ltr'>inutiles</span> <span class='ocrx_word' id='word_1_176' title='bbox 541 1913 620 1941; x_wconf 90' lang='lat' dir='ltr'>non</span> <span class='ocrx_word' id='word_1_177' title='bbox 654 1900 773 1949; x_wconf 85' lang='lat' dir='ltr'>fecit,</span> <span class='ocrx_word' id='word_1_178' title='bbox 801 1901 829 1940; x_wconf 90' lang='lat' dir='ltr'><strong>fi</strong></span> <span class='ocrx_word' id='word_1_179' title='bbox 866 1910 1036 1950; x_wconf 87' lang='lat' dir='ltr'>tempora</span> <span class='ocrx_word' id='word_1_180' title='bbox 1057 1901 1158 1939; x_wconf 87' lang='lat' dir='ltr'>aliud</span> <span class='ocrx_word' id='word_1_181' title='bbox 1179 1911 1263 1939; x_wconf 90' lang='lat' dir='ltr'>non·</span> <span class='ocrx_word' id='word_1_182' title='bbox 1280 1898 1374 1938; x_wconf 86' lang='lat' dir='ltr'>defi-</span> 
     </span>
     <span class='ocr_line' id='line_1_25' title="bbox 250 1971 1384 2024; baseline -0.003 -12"><span class='ocrx_word' id='word_1_183' title='bbox 250 2000 275 2024; x_wconf 80' lang='lat'>„</span> <span class='ocrx_word' id='word_1_184' title='bbox 301 1974 446 2012; x_wconf 87' lang='lat' dir='ltr'>derant.</span> <span class='ocrx_word' id='word_1_185' title='bbox 510 1973 627 2011; x_wconf 90' lang='lat' dir='ltr'>Nunc</span> <span class='ocrx_word' id='word_1_186' title='bbox 665 1972 774 2010; x_wconf 86' lang='lat' dir='ltr'>etiam</span> <span class='ocrx_word' id='word_1_187' title='bbox 812 1972 1005 2010; x_wconf 87' lang='lat' dir='ltr'>horrorem</span> <span class='ocrx_word' id='word_1_188' title='bbox 1044 1972 1191 2010; x_wconf 89' lang='lat' dir='ltr'>illarum</span> <span class='ocrx_word' id='word_1_189' title='bbox 1224 1971 1384 2022; x_wconf 68' lang='lat' dir='ltr'>Judices-</span> 
     </span>
     <span class='ocr_line' id='line_1_26' title="bbox 252 2039 1374 2093; baseline -0.004 -11"><span class='ocrx_word' id='word_1_190' title='bbox 252 2069 276 2093; x_wconf 80' lang='lat'>‚-‚</span> <span class='ocrx_word' id='word_1_191' title='bbox 300 2044 543 2090; x_wconf 83' lang='lat' dir='ltr'>aversantur,</span> <span class='ocrx_word' id='word_1_192' title='bbox 583 2051 620 2081; x_wconf 89' lang='lat' dir='ltr'>et</span> <span class='ocrx_word' id='word_1_193' title='bbox 653 2043 699 2080; x_wconf 89' lang='lat' dir='ltr'>ad</span> <span class='ocrx_word' id='word_1_194' title='bbox 734 2042 893 2090; x_wconf 88' lang='lat' dir='ltr'>rigorem</span> <span class='ocrx_word' id='word_1_195' title='bbox 936 2043 1101 2080; x_wconf 81' lang='lat' dir='ltr'>calculos</span> <span class='ocrx_word' id='word_1_196' title='bbox 1135 2052 1215 2080; x_wconf 89' lang='lat' dir='ltr'>non</span> <span class='ocrx_word' id='word_1_197' title='bbox 1251 2039 1374 2090; x_wconf 82' lang='lat' dir='ltr'>porri-</span> 
     </span>
     <span class='ocr_line' id='line_1_27' title="bbox 251 2109 1374 2163; baseline -0.002 -12"><span class='ocrx_word' id='word_1_198' title='bbox 251 2142 275 2163; x_wconf 87' lang='lat'>„</span> <span class='ocrx_word' id='word_1_199' title='bbox 303 2121 412 2163; x_wconf 81' lang='lat' dir='ltr'>gunt.</span> <span class='ocrx_word' id='word_1_200' title='bbox 466 2113 520 2151; x_wconf 82' lang='lat' dir='ltr'>Et</span> <span class='ocrx_word' id='word_1_201' title='bbox 556 2111 649 2159; x_wconf 89' lang='lat' dir='ltr'>quid</span> <span class='ocrx_word' id='word_1_202' title='bbox 677 2112 831 2150; x_wconf 83' lang='lat' dir='ltr'>obsecro</span> <span class='ocrx_word' id='word_1_203' title='bbox 855 2113 1069 2160; x_wconf 88' lang='lat' dir='ltr'>profectum</span> <span class='ocrx_word' id='word_1_204' title='bbox 1104 2120 1178 2150; x_wconf 88' lang='lat' dir='ltr'>tam</span> <span class='ocrx_word' id='word_1_205' title='bbox 1211 2109 1374 2160; x_wconf 73' lang='lat' dir='ltr'>exquili-</span> 
     </span>
     <span class='ocr_line' id='line_1_28' title="bbox 252 2168 1377 2231; baseline -0.001 -11"><span class='ocrx_word' id='word_1_206' title='bbox 252 2211 277 2231; x_wconf 80' lang='lat'>‚‚</span> <span class='ocrx_word' id='word_1_207' title='bbox 302 2168 350 2221; x_wconf 80' lang='lat' dir='ltr'>tis</span> <span class='ocrx_word' id='word_1_208' title='bbox 372 2181 592 2231; x_wconf 77' lang='lat' dir='ltr'>suppliciis?</span> <span class='ocrx_word' id='word_1_209' title='bbox 622 2182 816 2221; x_wconf 84' lang='lat' dir='ltr'>Carcerem</span> <span class='ocrx_word' id='word_1_210' title='bbox 834 2210 848 2230; x_wconf 86' lang='lat'>,</span> <span class='ocrx_word' id='word_1_211' title='bbox 875 2183 1031 2231; x_wconf 86' lang='lat' dir='ltr'>laqueos</span> <span class='ocrx_word' id='word_1_212' title='bbox 1046 2210 1059 2229; x_wconf 92' lang='lat'>.,</span> <span class='ocrx_word' id='word_1_213' title='bbox 1088 2181 1276 2220; x_wconf 86' lang='lat' dir='ltr'>cruciatus</span> <span class='ocrx_word' id='word_1_214' title='bbox 1301 2182 1377 2219; x_wconf 83' lang='lat' dir='ltr'><strong>ho·-</strong></span> 
     </span>
     <span class='ocr_line' id='line_1_29' title="bbox 253 2246 1375 2301; baseline 0.001 -12"><span class='ocrx_word' id='word_1_215' title='bbox 253 2246 278 2301; x_wconf 55' lang='lat'>,⁴‚</span> <span class='ocrx_word' id='word_1_216' title='bbox 304 2251 422 2289; x_wconf 86' lang='lat' dir='ltr'>mines</span> <span class='ocrx_word' id='word_1_217' title='bbox 454 2249 518 2289; x_wconf 88' lang='lat' dir='ltr'>isti</span> <span class='ocrx_word' id='word_1_218' title='bbox 543 2250 696 2289; x_wconf 87' lang='lat' dir='ltr'>ridendo</span> <span class='ocrx_word' id='word_1_219' title='bbox 731 2251 937 2300; x_wconf 85' lang='lat' dir='ltr'>excipiunt.</span> <span class='ocrx_word' id='word_1_220' title='bbox 971 2251 1162 2290; x_wconf 89' lang='lat' dir='ltr'>Adversus</span> <span class='ocrx_word' id='word_1_221' title='bbox 1185 2250 1375 2290; x_wconf 79' lang='lat' dir='ltr'>terribiles</span> 
     </span>
     <span class='ocr_line' id='line_1_30' title="bbox 256 2321 1377 2373; baseline -0.001 -13"><span class='ocrx_word' id='word_1_222' title='bbox 256 2348 280 2369; x_wconf 90' lang='lat'>„</span> <span class='ocrx_word' id='word_1_223' title='bbox 304 2321 533 2373; x_wconf 77' lang='lat' dir='ltr'>flammarum</span> <span class='ocrx_word' id='word_1_224' title='bbox 575 2329 775 2372; x_wconf 82' lang='lat' dir='ltr'>apparatus</span> <span class='ocrx_word' id='word_1_225' title='bbox 812 2330 937 2361; x_wconf 86' lang='lat' dir='ltr'>rectos</span> <span class='ocrx_word' id='word_1_226' title='bbox 970 2323 1103 2362; x_wconf 90' lang='lat' dir='ltr'>oculos</span> <span class='ocrx_word' id='word_1_227' title='bbox 1127 2329 1286 2369; x_wconf 87' lang='lat' dir='ltr'>tenent,</span> <span class='ocrx_word' id='word_1_228' title='bbox 1312 2332 1377 2359; x_wconf 83' lang='lat' dir='ltr'>ne-</span> 
     </span>
    </p>

    <p class='ocr_par' dir='ltr' id='par_1_3' title="bbox 1265 2402 1379 2441">
     <span class='ocr_line' id='line_1_31' title="bbox 1265 2402 1379 2441; baseline 0 -11"><span class='ocrx_word' id='word_1_229' title='bbox 1265 2418 1289 2441; x_wconf 84' lang='lat'>„</span> <span class='ocrx_word' id='word_1_230' title='bbox 1315 2402 1379 2430; x_wconf 86' lang='lat' dir='ltr'>mo</span> 
     </span>
    </p>
   </div>
  </div>
 </body>
</html>
