1483 2860
269 272 320 321 64
500 271 1172 322 COMMENTATIOJ

268 407 300 427 ‚‚
324 380 575 420 crudelitatem
592 409 607 429 ,
646 381 762 430 magis
805 382 882 422 esse
927 382 1121 423 sectarumx
1153 383 1401 426 illecebram..

267 476 300 498 ‚,
326 451 422 489 Nam
464 452 528 498 qui
561 463 680 490 novae
706 451 875 500 religioni
904 455 1085 494 accedunt
1096 469 1120 503 ‚·
1139 454 1190 493 ita
1221 455 1382 504 plerum·

268 546 301 567 ,,
328 532 401 567 que
422 519 545 558 affecti
569 519 654 559 sunt
667 549 680 568 ‚
697 530 738 559 ut
751 533 771 560 a
791 523 874 560 Deo
894 524 1097 562 traductam
1112 531 1247 573 putent
1272 522 1382 563 fidem

267 615 300 637 „
326 589 425 628 suam
441 618 454 637 ,
481 598 593 638 atque
633 601 742 629 unam
773 591 969 640 praesenti·
990 593 1102 632 morti
1128 594 1129 597 ’
1137 593 1381 643 pervicaciam

266 685 299 706 ‚,
322 668 568 709 anteponant.
619 661 805 700 Proximis
835 662 942 701 annis
970 663 1078 702 multi
1102 662 1355 712 professiones
1370 690 1387 712 ‚

269 745 302 778 5,
326 728 408 768 illas
437 731 596 780 amplexi
623 731 734 779 sunt,
763 732 862 770 haud
895 732 967 771 alio
997 732 1117 780 vitio,
1144 744 1254 781 quam
1284 732 1387 782 quod

265 826 299 848 „
325 799 368 838 in>
398 800 573 848 perituris
605 800 844 839 constantiam
880 803 1011 840 mortis
1045 802 1195 841 attoniti
1231 802 1387 841 admira·

266 894 302 917 „
326 878 482 909 rentur(
545 870 664 909 Recte
707 882 771 909 eos
814 871 961 909 credere
1003 871 1136 909 debere
1177 871 1393 919 ducebant,

265 965 298 987 „
325 939 391 988 qui
429 939 479 977 ob
507 939 580 979 hoc
608 938 734 988 ipsum.
761 941 865 989 quod
885 941 1104 989 crederent,
1130 952 1290 990 corpora
1325 940 1390 980 sua

266 1036 298 1058 „
327 1010 445 1059 (quae
479 1009 613 1060 utique
636 1011 731 1049 'non
768 1010 946 1061 oderant)
974 1009 1167 1060 suppliciis
1208 1009 1388 1050 offerrent

266 1106 299 1128 „
324 1079 364 1118 in
393 1080 554 1129 pignus,
582 1089 619 1119 et
651 1080 801 1120 infanda
832 1089 1016 1120 tormenta
1038 1081 1125 1120 laeti
1163 1080 1390 1130 exciperent.

266 1176 299 1198 „
326 1141 413 1188 Hoc
447 1150 487 1188 in
520 1150 671 1199 Gallia,
712 1152 786 1191 hoc
818 1151 855 1189 in
883 1151 1044 1200 Anglia,
1071 1151 1145 1190 hoc
1177 1151 1278 1200 apud
1316 1157 1390 1189 nos

267 1245 300 1266 ‚,
326 1219 518 1268 denique,
547 1221 749 1260 crudelitas
772 1220 962 1271 profecit,
991 1230 1032 1260 ut
1066 1222 1192 1270 plures
1218 1222 1264 1260 de
1285 1231 1390 1259 novo

265 1313 297 1332 ,‚
325 1299 410 1327 reos
450 1288 602 1328 faceret.
664 1290 778 1329 Primi
820 1300 975 1339 quoque
1011 1289 1222 1329 Christiani
1251 1290 1389 1339 jactare

267 1381 300 1403 „
325 1353 491 1393 solebant
511 1359 725 1403 sanguinem
748 1369 953 1409 martyrum
968 1388 982 1407 9
1010 1358 1130 1398 semen
1152 1358 1227 1393 esse
1254 1355 1388 1394 Eccle-

268 1451 313 1473 ,,.
325 1424 412 1464 fiae.
460 1424 619 1463 Proinde
635 1425 660 1474 J
672 1425 722 1462 ul
737 1424 749 1462 i
762 1435 782 1463 a
794 1435 820 1462 n
833 1435 858 1462 u
870 1435 888 1462 s
904 1424 1105 1473 imperator
1120 1452 1134 1472 ,
1162 1432 1204 1462 ut
1227 1435 1294 1463 eos
1317 1423 1388 1463 fibi

267 1521 301 1543 „
327 1493 466 1533 invisos
487 1493 658 1534 funditus
681 1504 851 1542 erueret,
883 1494 1011 1532 mitius
1039 1493 1197 1540 habuit,
1233 1502 1270 1533 et
1304 1493 1391 1534 sane

269 1591 302 1613 „
327 1565 456 1613 plures
496 1564 559 1603 ille
589 1576 678 1614 pace
703 1573 742 1603 et
770 1563 850 1603 otio
890 1576 911 1602 a
948 1563 1021 1603 fide
1049 1563 1250 1613 abstraxit,
1277 1575 1388 1613 quam

268 1661 302 1682 ,‚
327 1634 472 1683 priores
507 1634 562 1672 illi
592 1634 715 1683 ferro,
742 1643 781 1673 et
799 1633 991 1684 sanguine.
1043 1635 1138 1674 Non
1175 1644 1233 1673 est
1266 1634 1390 1684 gladio

270 1731 303 1753 ,‚
326 1704 388 1754 J'us
416 1702 456 1742 in
481 1704 660 1744 animum.
707 1704 936 1755 Judaeorum
968 1704 1236 1755 pervicaciam,
1261 1705 1392 1744 nullus

270 1802 303 1823 „
330 1786 494 1824 unquam
531 1775 680 1824 Regum
712 1774 885 1814 excusfit.
942 1775 1072 1815 Animi
1095 1774 1240 1814 viribus
1267 1773 1398 1813 debel-

270 1871 304 1893 „
328 1846 461 1885 landus
483 1855 540 1884 est
560 1846 726 1888 animus.
750 1846 874 1895 Quam
890 1845 1065 1885 atrociter
1090 1843 1247 1884 haeresis
1273 1844 1393 1883 Grae·

271 1941 305 1963 ‚,
330 1925 460 1953 corum
493 1915 680 1954 concusfit
711 1915 942 1964 imperium?
979 1914 1057 1953 fere
1095 1923 1216 1953 tamen
1259 1912 1397 1953 Caesa.

269 2011 303 2034 „
330 1996 389 2023 res
414 1985 525 2023 exilio
547 1985 717 2023 contenti
744 1984 864 2025 fuere.
895 1986 978 2024 Nec
998 1986 1032 2025 C
1047 1993 1233 2024 onstan
1247 1983 1388 2023 tinus

272 2081 305 2102 ‚,
331 2054 377 2094 ab
397 2055 539 2104 Ario,
575 2055 929 2094 Constantius
954 2055 1000 2094 ab
1026 2053 1390 2102 Aetio‚Theo-

272 2151 306 2174 ,‚
333 2125 392 2162 do
407 2125 487 2164 siu
503 2137 521 2163 s
546 2138 568 2164 a
586 2125 626 2163 N
638 2137 657 2163 e
669 2136 686 2163 s
700 2134 715 2163 t
728 2137 751 2163 o
766 2125 845 2164 rio
869 2126 1039 2174 graviora
1058 2124 1180 2175 exegit
1193 2122 1389 2171 supplicia,

276 2221 315 2243 „
339 2194 448 2233 ethic
463 2203 585 2233 tamen
594 2195 819 2234 tristisfimas
836 2206 976 2244 poenas
988 2195 1135 2244 legibus
1148 2192 1334 2242 sanxerat,
1347 2201 1392 2232 ut

275 2291 309 2313 ,‚
334 2272 486 2303 terreret
504 2264 640 2303 noxios
669 2276 830 2314 quorum
851 2265 997 2304 interim
1025 2275 1135 2304 nemo
1168 2262 1291 2313 gladio
1330 2275 1398 2313 pe·

277 2363 310 2386 „
334 2335 411 2376 riit;
452 2334 531 2375 Ubi
553 2336 627 2387 jam
651 2334 736 2376 sunt
762 2335 891 2377 Ariani
910 2362 926 2386 ,
951 2345 1050 2386 quos
1084 2344 1163 2375 non
1187 2343 1305 2373 unum
1336 2344 1396 2371 re-

1213 2430 1248 2453 „
1275 2411 1388 2452 gnum
