1483 2860
273 239 323 279 94
500 224 1164 267 COMMENTATIO

273 345 384 377 natus
424 344 511 384 est,
536 335 596 374 sed
617 334 792 372 seditione
819 333 865 372 ab
896 334 1000 381 aliis,
1029 335 1094 382 qui
1124 335 1278 373 Henrici
1304 346 1386 383 par-

272 401 374 446 tibus
408 406 543 445 addicti
571 413 699 451 erant,
734 407 951 452 commota,
978 405 1049 442 hoc
1076 404 1154 453 ipso
1174 416 1271 443 anno
1299 405 1386 444 Mo-

274 478 403 527 guntia
429 475 626 524 profugere
651 483 803 511 coactus
839 483 920 522 est3
951 474 1136 513 Henricus
1175 486 1263 513 vero
1292 486 1388 513 non-

274 546 386 585 nullis
428 543 660 592 principibus
692 555 732 580 ac
768 542 941 590 clericis,
971 553 1049 581 tum
1083 544 1121 582 in
1160 545 1384 594 Germania,

272 624 352 654 tum
371 616 406 653 in
421 616 497 663 ipsa
508 614 613 652 Italia
627 642 639 660 ‚
655 613 858 651 contractis
876 644 886 658 ‚
902 622 1034 651 mutuo
1086 615 1272 664 tegorium
1285 644 1299 663 ‚
1321 626 1388 653 ne-

271 686 467 724 fandorum
501 685 695 721 criminum
725 682 961 730 accusatum,
989 693 1128 732 papatu
1160 697 1292 723 exuere
1321 696 1386 723 co-

269 765 383 794 natus
418 764 501 802 est,
528 766 628 793 novo
661 755 757 801 Papa
792 754 936 801 electo,
965 753 1167 792 Guilberto
1194 755 1390 793 Ravenna·

269 825 329 872 ti,
356 824 507 862 nornine
538 823 741 861 Clementis
779 821 847 860 ΙΙΙ.
877 823 1035 871 (1:80).
1091 824 1234 861 Eodem
1262 835 1382 871 anno,

272 894 495 933 Gothofricli
522 892 687 931 Bullonii
722 892 859 929 auxilio
899 893 1104 940 Imperator
1127 895 1275 942 adjutus
1292 921 1306 940 ‚
1331 905 1391 932 ae·-

272 965 365 1003 muli
391 963 590 1002 exercitum
615 971 686 999 tam
710 973 888 1010 prospere
909 962 1100 1011 aggressus
1127 972 1210 1010 est,
1238 973 1280 1001 ut
1301 975 1386 1001 eum

267 1035 349 1072 acie
369 1032 520 1082 prorsus
534 1033 745 1071 devinceret
773 1033 855 1081 (1).
888 1033 1141 1082 Rudolphus,
1169 1034 1388 1073 vulneribus

272 1104 434 1142 moriens
450 1132 463 1149 ‚
488 1102 676 1152 professus
699 1112 753 1140 est
780 1101 815 1139 se
839 1103 1040 1152 justisfime
1067 1104 1229 1141 dextram
1251 1103 1390 1142 amifis-

272 1174 335 1223 se,
362 1186 447 1213 cum
484 1175 624 1221 fidem,
652 1175 762 1221 quam
795 1173 959 1211 Henrico
996 1174 1068 1211 IV.
1105 1175 1172 1212 hac
1202 1174 1279 1222 ipsa
1311 1185 1387 1212 ma-

272 1257 326 1284 nu
361 1244 609 1294 promisisset,
651 1234 849 1291 violasset,
891 1244 1022 1292 Papam
1063 1255 1152 1281 vero
1193 1252 1228 1281 et
1258 1244 1390 1282 Eccle-

268 1315 360 1355 fiam
392 1315 611 1356 defectionis
642 1313 723 1351 suae
746 1322 917 1352 auctores
954 1313 1082 1352 fuisse.
1112 1335 1166 1345 -
1206 1313 1389 1353 Successi-

272 1387 346 1426 bus
386 1386 444 1424 his
484 1383 674 1433 prosperis
706 1384 910 1432 Imperator
944 1383 1067 1421 animo
1108 1393 1278 1431 erectus,
1319 1395 1388 1422 nec

275 1467 353 1495 non
376 1454 782 1501 excommunicatione,
825 1452 997 1491 adversus
1027 1453 1145 1500 ipsum
1171 1452 1207 1491 id
1246 1462 1392 1502 tempo·

274 1527 327 1565 ris
346 1526 476 1564 iterata
491 1553 503 1571 ‚
532 1524 769 1562 exacerbatus
788 1551 801 1570 ,
825 1523 962 1560 bellum
995 1508 1061 1571 ipsi
1082 1524 1198 1570 Papae
1219 1522 1356 1562 indixit
1372 1552 1386 1572 ‚

274 1599 454 1638 continuo
486 1598 524 1635 in
546 1597 686 1635 Italiam
712 1607 796 1634 cum
820 1594 984 1633 exercitu
1010 1594 1189 1643 processit
1212 1595 1388 1643 (1081),

274 1670 435 1708 Romam
462 1679 583 1716 usque
619 1666 743 1704 omnia
771 1667 974 1713 populatus
1011 1673 1094 1712 est,
1135 1673 1247 1712 atque
1282 1673 1390 1713 post-

278 1752 386 1787 quam
410 1738 607 1777 Mathildis
631 1736 759 1785 copias
785 1734 984 1784 pepulisset
999 1763 1012 1782 ‚
1041 1735 1169 1774 urbem
1189 1734 1301 1783 ipsam
1327 1746 1390 1774 ex-

278 1810 460 1859 pugnavit
488 1811 657 1856 (1084),
685 1819 726 1845 ac
762 1805 993 1844 Clementem
1018 1805 1092 1852 ΠΙ,
1122 1817 1231 1852 quem
1269 1804 1393 1843 secum

278 1881 455 1924 duxerat,
485 1878 523 1915 in
545 1877 643 1916 Petri
667 1876 747 1914 sede
779 1875 970 1913 constituit
998 1875 1081 1922 (α).
1135 1874 1234 1920 Sed,
1262 1873 1393 1911 eodem

261 1960 378 1990 ,anno
397 1976 411 1996 ‚
439 1947 632 1986 Robertus
654 1945 889 1985 Guiscardus
907 1973 920 1992 ,
956 1955 977 1982 e
1004 1943 1161 1983 Graecia
1196 1943 1393 1992 reversus,

1333 2025 1400 2052 au-

321 2137 375 2173 (1)
397 2136 490 2164 Conf.
512 2135 681 2168 Planck,
703 2135 724 2162 l.
744 2134 840 2162 e.1V.
861 2134 898 2161 B·
919 2133 943 2161 ῐ.
964 2133 1041 2165 Ab„
1061 2140 1126 2167 pag.
1149 2138 1204 2167 ¹95⁷
1219 2139 1249 2160 et
1268 2139 1337 2160 200.

320 2194 374 2230 (α)
395 2193 486 2221 Conf.
505 2192 542 2220 C.
560 2190 977 2226 Baronius‚Annaliam.
997 2190 1088 2218 Tom.
1105 2189 1158 2218 XI.
1177 2190 1212 2217 ad
1227 2197 1274 2218 an.
1295 2192 1390 2225 1084,

283 2260 350 2287 pag.
376 2259 451 2284 752,
471 2249 521 2278 112.
540 2249 594 2277 XI.
616 2255 647 2276 et
678 2247 893 2281 (meseia,
916 2248 937 2275 ι.
956 2252 990 2274 c.
1011 2247 1053 2275 11.
1088 2248 1123 2275 B.
1148 2247 1187 2274 11.
1218 2246 1302 2281 Ab„
1322 2252 1391 2281 με.

288 2315 343 2346 ²85
364 2306 527 2341 plaiseiz,
548 2307 570 2335 1.
586 2313 615 2334 c.
637 2306 690 2333 IV.
711 2305 743 2333 Β.
761 2306 788 2331 1.
809 2304 884 2338 ab„
907 2310 973 2338 pag.
996 2310 1060 2331 201.
