1483 2860
387 261 897 304 LITERAklm
1150 276 1196 317 ῃ

83 387 121 418 ¹„
147 380 280 418 maque
318 368 499 411 frumenti
531 370 658 420 inopia
694 381 930 420 premuntur.
996 372 1101 423 Quin
1127 384 1200 422 po-

85 465 119 488 „
146 439 221 477 tius
241 450 305 478 rex
330 440 475 479 decreta
499 440 562 480 sua
582 452 796 490 exasperare
817 441 1104 490 difinat,d0nec
1121 442 1197 492 ipse

77 533 116 556 4,
141 508 310 558 praesens
342 509 381 548 in
407 521 551 551 omnem
583 511 808 561 reipublicae
836 512 968 553 statum
1008 514 1198 563 inquirere

77 603 116 627 ὦ,
143 586 181 615 et
211 579 338 628 prouti
371 591 430 618 res
463 582 659 631 postulat,
699 582 823 623 omnia
849 583 1039 623 instituere
1067 593 1201 634 potue-

74 672 116 695 -„
142 646 205 686 rit.

129 743 162 766 ‚‚
189 717 333 769 Quodfi
374 731 465 760 vero
500 732 577 761 rem
603 721 680 763 fine
715 722 792 762 ulla
836 734 939 763 mora
973 725 1020 764 ad
1056 725 1198 765 exitum

73 813 111 840 ,,
138 788 344 836 perducere⁴
395 790 513 839 velit,
566 792 738 841 equidem
785 793 1022 832 vehementer
1064 804 1158 845 opto
1183 823 1198 844 ,

77 881 110 904 „
135 866 180 896 ut
224 870 308 898 meo
350 860 436 899 loco
487 860 599 900 aliurn
644 863 829 910 quendam
880 864 991 912 eligat
1034 864 1155 904 virum
1182 893 1198 914 ,

75 952 108 976 „
136 927 203 976 qui
239 929 375 980 populi
414 928 558 970 animos
598 930 748 982 sedare,
785 944 844 972 me
877 933 1009 973 melius
1025 961 1041 982 ,
1077 944 1194 974 nove-

73 1022 107 1044 „
137 996 203 1037 rit.

85 1058 88 1059 ⁷
123 1092 158 1114 „
184 1065 300 1118 Quod
325 1069 510 1117 reliquum
533 1079 615 1120 est,
631 1071 786 1112 obsecro
806 1081 844 1112 te
865 1082 979 1123 atque
999 1074 1189 1126 obtestor,

73 1161 108 1184 ,‚
136 1144 180 1175 ut
221 1137 347 1180 omnia
386 1151 456 1188 ea,
492 1152 586 1188 quae
611 1140 764 1190 scripsi,
802 1143 842 1181 in
877 1143 1014 1187 bonam
1050 1156 1192 1195 partem

70 1225 104 1254 3,
129 1206 313 1255 accipias,
353 1208 501 1258 tibique
531 1209 741 1259 persuasum
775 1212 935 1262 habeas,
969 1227 1029 1253 me
1070 1219 1195 1258 omnia

69 1303 102 1324 ,‚
129 1276 268 1325 patriae
315 1289 440 1318 amore
473 1279 651 1329 regisque
698 1280 879 1331 obsequio
917 1283 1103 1333 ductum,
1151 1295 1195 1325 ut

68 1372 102 1396 ,‚
128 1345 386 1386 Christianum
415 1349 546 1399 decet,
571 1350 807 1398 integerrima
831 1352 904 1392 fide
931 1362 1056 1398 gerere
1081 1361 1194 1403 atque

72 1443 104 1466 „
137 1415 278 1465 semper
310 1425 502 1465 gesturum
527 1417 604 1459 esse
624 1418 707 1469 (1).
721 1418 747 1436 ''

570 1566 609 1614 §.
657 1566 721 1604 16.

116 1713 157 1754 G
169 1724 193 1753 u
203 1715 216 1752 1
228 1714 240 1751 i
250 1724 270 1753 e
281 1716 295 1751 l
308 1725 342 1752 m
356 1724 381 1752 u
394 1724 412 1752 s
447 1713 562 1763 igitur
594 1715 694 1765 regis
730 1716 918 1757 decretum
947 1719 1186 1761 vehementer

64 1783 299 1834 improbabat
320 1793 455 1822 etcum
478 1796 523 1823 eo
555 1785 876 1836 Egmondus,
904 1788 941 1827 H
957 1800 1187 1831 ornanus

57 1855 198 1904 aliique
210 1854 318 1895 multi
331 1855 517 1894 senatores
529 1855 764 1904 alix1uatenus
777 1857 1052 1907 conspirabant.
1067 1861 1194 1911 Quae-

62 1925 213 1966 rebatur
234 1925 274 1965 in
294 1926 458 1974 Senatu,
491 1933 616 1965 utrum
629 1927 726 1976 regis
751 1928 938 1967 decretum
954 1928 1073 1969 statim
1097 1943 1187 1981 pro-

63 1997 291 2045 mulgaretur
300 2024 314 2044 ,
325 2007 372 2034 an
395 2007 485 2035 vero
511 1995 715 2046 postquam
739 1998 816 2048 regi
829 1998 1036 2048 expositum
1063 2000 1158 2040 esset
1167 2029 1183 2050 ,

59 2060 200 2112 quibus
215 2061 492 2103 difficultatibus
505 2063 599 2103 illud
610 2074 854 2114 premeretur.
868 2067 975 2106 Illius
988 2067 1186 2107 sententiae

1091 2137 1130 2177 G
1145 2149 1188 2176 u-

97 2253 154 2292 (1)
173 2254 309 2292 Epistola
333 2257 397 2295 ipsa
422 2258 540 2296 integra
564 2259 727 2291 exhibetur
756 2261 837 2298 apud
854 2261 952 2297 Bor,
975 2262 1036 2299 ΟΡ.
1065 2261 1088 2291 1.
1117 2258 1186 2291 Lib.

61 2311 104 2343 u.
132 2311 188 2344 sol.
205 2320 256 2348 23.
275 2313 341 2351 sqq.
366 2314 458 2347 conf.
475 2316 577 2348 Lem
597 2325 659 2349 cet.
681 2318 707 2350 1.
729 2325 797 2356 pag.
818 2325 875 2357 405
895 2318 961 2354 sqq.
