1560 2860
301 300 373 347 lto·
661 294 1047 342 ORATIO.

304 436 528 483 Christi
570 436 728 481 monita
761 435 956 494 ignorant
999 440 1068 478 aut
1109 445 1195 477 non
1240 438 1400 477 curant.

306 514 405 570 Qua
441 511 566 570 igitur
602 518 849 571 tempestate
887 511 1104 569 praeclara
1138 508 1405 552 Platonis

304 588 577 648 Philosophia
612 587 657 632 in
690 586 922 632 doctrinam
960 587 1071 632 illam
1097 586 1277 640 abierat,
1307 586 1409 645 pul-

308 665 539 710 cherrimae
565 664 709 709 matris
732 664 857 708 filiam
874 664 992 711 valde
1008 664 1250 723 degenerem
1265 695 1278 717 ‚
1302 677 1410 720 quae

311 741 583 802 praecipuam
635 742 952 785 Alexandriae
1003 740 1143 786 sedem
1190 739 1413 796 habebatg

310 825 492 876 quatuor
526 817 742 873 vivebant,
786 825 857 862 aut
895 819 1088 875 aequales
1127 824 1198 862 aut
1241 831 1323 862 non
1356 817 1416 862 ita
1494 857 1504 868 ,

309 907 465 953 magno
502 893 703 954 temporis
743 893 882 954 spatio
917 894 1135 952 disjuncti,
1182 895 1348 953 ingenio
1378 901 1420 939 et

312 970 504 1016 doctrina
525 971 788 1024 excellentes,
803 970 914 1023 Viri,
931 984 979 1013 ex
994 971 1138 1014 eadem
1161 984 1305 1014 omnes
1314 984 1424 1030 pro-

311 1047 410 1092 fecti
422 1079 434 1101 ,
457 1062 583 1105 quam
604 1045 854 1105 significavi,
883 1045 1100 1105 disciplina
1115 1046 1290 1105 Neopl
1304 1053 1424 1092 ato-

314 1122 458 1168 nica.
520 1123 626 1167 Cum
654 1122 935 1167 Plotinum
976 1129 1016 1167 et
1053 1122 1421 1168 Jamhlichum

315 1199 439 1253 dico,
466 1207 555 1244 tum
597 1198 938 1245 Clementem
981 1199 1421 1247 Alexandrinum

317 1283 360 1320 et
410 1274 716 1333 Origenem
759 1275 1188 1333 Adamantium3
1244 1291 1424 1335 quorum

318 1354 394 1395 illi
432 1367 457 1396 a
493 1351 624 1396 sacris
656 1351 901 1398 Christianis
924 1353 1059 1398 aversi
1095 1361 1237 1408 erant,
1267 1357 1319 1397 kz·
1347 1354 1426 1399 iis-

320 1427 416 1472 dem
457 1441 610 1472 nomen
666 1428 894 1483 dederant,
939 1437 980 1474 et
1027 1430 1152 1476 vitam
1201 1433 1429 1476 consecra-

319 1511 428 1550 rant.
488 1505 545 1550 At
581 1520 705 1563 quam
752 1520 947 1564 magnum
986 1506 1287 1551 animadvertes
1327 1522 1430 1552 sen-

321 1581 544 1625 tentiarum
572 1581 818 1636 discrimen,
851 1582 925 1626 ubi
945 1582 1073 1626 modo
1092 1586 1335 1636 illos‚mox
1348 1586 1431 1628 hos·

325 1657 378 1702 de
403 1658 562 1719 Natura
591 1657 763 1702 Summa
787 1658 1132 1717 philosophantes
1159 1658 1361 1704 audieris!
1392 1661 1432 1704 A

325 1733 551 1778 Plotino
592 1733 699 1777 enim
723 1734 927 1790 ejusmodi
954 1734 1187 1778 celebratur
1219 1735 1359 1789 Deus,
1383 1749 1433 1780 ex

329 1823 415 1867 quo
435 1841 449 1864 ,
504 1810 637 1853 nullas
686 1816 828 1867 partes
864 1809 994 1868 ipsius
1044 1818 1190 1868 agente
1241 1812 1438 1857 volunta-

325 1894 396 1940 te,
435 1886 613 1930 mundus
648 1885 875 1940 effluxerit,
918 1886 1071 1943 quique
1115 1887 1265 1944 quibus
1306 1903 1438 1947 argu-—

328 1962 477 2006 mentis
520 1976 610 2006 esse
656 1962 885 2021 probetur,
940 1977 993 2007 ne
1029 1978 1230 2020 quaerere
1267 1965 1436 2022 quidem

327 2038 452 2083 nobis
492 2038 637 2094 liceat3
689 2052 782 2082 cum
817 2038 861 2081 id
896 2038 1036 2097 potius
1077 2040 1197 2084 nobis
1232 2041 1440 2098 agendum

328 2115 409 2169 sit,
439 2122 519 2168 ut,
549 2129 626 2174 per
654 2114 780 2159 animi
824 2115 957 2158 nostri
992 2115 1198 2170 ἅπλωσ-ιν,
1240 2117 1295 2160 ad
1327 2117 1439 2163 Illius

329 2191 590 2236 intuitionem
622 2191 925 2250 perveniamus.
971 2191 998 2236 J
1012 2193 1329 2239 amblichus
1360 2209 1441 2240 au-

330 2275 417 2312 tem
453 2281 725 2325 quaecunque
759 2268 957 2328 mysticae
989 2269 1165 2313 rationis
1204 2278 1440 2316 commenta

331 2345 386 2396 de
413 2344 587 2393 Summo
601 2344 778 2392 Numine
802 2345 1047 2405 prodiderat
1069 2346 1365 2403 Plotinus,
1394 2362 1445 2392 ea

1366 2439 1457 2473 mh
