1524 2850
286 271 343 316 16
571 271 1102 317 ORATIO.

279 395 523 452 ventoribus
573 420 770 465 magnum
822 389 1145 450 emolumentum
1203 411 1398 464 paratum

281 493 357 530 est.
425 483 520 529 Tali
556 484 718 528 ratione
757 497 808 528 eo
844 483 1037 542 pervenit
1082 485 1401 526 Bertlzolletus

271 571 444 620 pater,
487 569 535 605 ut
571 560 734 620 vulgari
772 561 877 605 telas
916 559 1154 620 depurandi
1191 566 1233 604 et
1274 566 1402 604 natu-⁵

277 638 359 682 rali
408 639 550 682 colore
597 637 848 681 detrahendi
900 637 1060 690 modo,
1106 636 1232 680 alium
1278 636 1404 693 longe

279 714 511 759 faciliorem
547 714 845 768 substitueret,
876 713 1250 773 adhibitanempe
1278 711 1405 756 chlo·-

276 792 358 836 rici
397 791 597 852 principii
634 791 853 836 solutione.
916 790 1003 848 Qui
1044 789 1197 849 agendi
1221 788 1404 842 modus,

267 875 441 912 tantam
478 867 700 911 utilitatem
741 865 897 912 afferre
933 866 1046 910 visus
1082 873 1145 910 est
1157 898 1171 920 ,
1218 872 1267 910 ut
1303 864 1405 909 uni:-

278 959 399 990 verse
439 944 495 989 sit
530 943 659 988 hodie
688 958 768 987 usu
806 950 1003 1002 receptus
1045 949 1087 987 et
1135 955 1218 1002 per
1266 947 1405 986 totum

278 1022 368 1067 sere
417 1029 627 1066 terrarum
670 1020 820 1064 orbem
867 1020 1153 1063 Bertlzolleti
1184 1017 1406 1064 consilium

277 1099 511 1144 invaluerit.
535 1132 537 1134 -

337 1175 555 1221 Similibus
596 1173 897 1221 tentaminibus
937 1175 1236 1221 celeberrimus
1281 1174 1405 1217 The-

279 1258 457 1298 nardus
485 1267 536 1298 eo
569 1254 783 1313 pervenit,
811 1261 858 1299 ut
881 1252 1212 1298 Gallo-Francis
1250 1265 1406 1296 novam

278 1330 486 1374 indicaret
526 1344 718 1374 cerussae
760 1331 978 1389 parandae
1023 1330 1161 1385 viam3
1217 1326 1407 1372 che-mic&

278 1408 477 1452 nimirum
514 1407 794 1452 sub-acetatis
823 1407 989 1467 plumbi
1015 1403 1406 1464 decompositione,

281 1499 390 1543 quae
440 1484 477 1529 si
529 1498 618 1528 non
670 1484 864 1528 universe
912 1481 1194 1543 praeferenda
1242 1479 1409 1524 videtur

280 1561 434 1620 agendi
474 1562 584 1606 ratio
600 1593 613 1615 ‚
654 1568 798 1605 tamen
836 1560 882 1604 id
925 1558 1093 1612 effecit,
1125 1565 1172 1602 ut
1211 1570 1324 1601 nunc
1362 1556 1408 1600 in

279 1640 374 1699 ipsa
398 1638 582 1683 Francia
612 1638 808 1682 materies
831 1636 903 1680 illa
929 1642 1130 1695 paretur,
1157 1649 1284 1692 quam
1301 1633 1410 1678 Gal-

280 1715 510 1760 lo-Franci
551 1723 674 1759 antea
715 1730 765 1759 ex
804 1714 895 1758 aliis
932 1711 1176 1770 regionibus
1218 1711 1410 1770 plerum-

284 1809 368 1851 que
409 1800 552 1852 petere
589 1792 797 1836 solebant.

340 1870 534 1914 Diximus
576 1869 720 1925 quales
745 1867 806 1911 illi
847 1867 958 1920 sint,
1003 1865 1157 1923 quibus
1200 1863 1411 1909 tladenda

284 1953 348 1990 est
372 1932 594 2004 disciplina
635 1951 806 1999 nostra3
838 1942 1080 2003 proximum
1120 1949 1207 1996 est,
1237 1948 1285 1986 ut
1324 1955 1411 2000 qua

284 2025 447 2069 ratione
462 2023 568 2067 haec
579 2022 630 2067 iis
648 2019 1012 2065 accommodanda
1027 2019 1098 2072 sit,
1115 2017 1404 2077 dispiciamus.

285 2102 501 2154 Primum,
566 2099 609 2143 in
658 2097 867 2142 tradenda
917 2095 1139 2156 disciplina
1191 2094 1410 2149 chemica‘,

286 2178 448 2224 artibus
485 2176 701 2229 adhibita,
732 2173 1039 2235 praemittenda
1078 2170 1219 2215 omnia
1247 2171 1317 2216 illa
1340 2171 1411 2216 vi·-

270 2256 506 2310 ,.videntur‚
577 2267 684 2312 quae
743 2251 934 2296 universe
993 2249 1038 2293 in
1092 2261 1251 2302 omnes
1296 2255 1409 2302 artes
