1483 2860
252 270 298 307 28
471 258 1139 306 COMMENTATIO

253 404 278 426 „
303 377 348 415 ad
386 373 604 423 religionem
628 373 801 422 fattinet,
841 369 1089 420 nosmetipsos
1115 396 1131 418 ,
1183 368 1366 419 genuinos

253 473 280 495 ,‚
304 444 512 484 catholicos
557 442 803 492 profitemur,
842 441 1042 490 omniaque
1059 468 1072 488 ,
1107 450 1203 488 quae
1245 451 1266 478 a
1299 449 1370 478 no·

254 544 279 565 „
305 516 365 553 bis
404 512 607 562 exspectari
646 513 758 560 licet,
785 511 962 562 perficere
995 510 1231 560 pollicemur.
1243 500 1296 526 ”⁸

300 585 425 623 Hasce
443 585 566 622 literas
587 582 867 630 Gulielmi,
895 580 1151 631 Egmundi
1187 587 1225 618 et
1250 567 1372 617 Hor-

247 665 275 695 n
287 666 307 694 a
321 654 372 692 ni
393 653 563 693 inanibus
578 651 787 702 obfignatas
802 680 815 700 ,
833 663 949 700 quum
961 663 1030 690 rex
1050 649 1192 698 accepit
1205 676 1219 697 ,
1232 648 1286 686 rei
1297 658 1373 686 no-

249 723 365 763 vitate
398 724 582 762 attonitus
597 750 610 770 ,
651 722 743 772 quid
767 722 1010 770 responderet
1025 749 1040 769 ,
1079 720 1144 759 diu
1167 718 1371 758 dubitavit.

250 793 397 833 Tribus
434 792 621 832 menfibus
651 791 780 841 elapfis
808 793 899 831 haec
936 790 1016 830 fere
1047 790 1198 830 retulit:
1237 790 1297 828 De
1316 788 1372 826 in-

250 891 284 913 „
312 863 406 912 figni
419 874 542 902 vestra
560 863 635 902 fide
648 871 763 910 atque
783 862 822 900 in
834 873 893 900 me
907 860 1194 907 benevolentia,
1214 868 1373 906 quarum

249 961 283 982 „
308 941 368 971 tot
402 941 578 981 tantaque
607 931 824 970 testimonia
840 959 854 979 ,
894 940 932 970 et
954 942 1055 969 nunc
1080 939 1117 970 et
1139 937 1244 968 antea
1266 927 1374 973 vidi,

249 1030 281 1052 „
308 1013 388 1042 non
424 1009 509 1049 est,
550 1001 655 1050 quod
682 1001 867 1040 dubitem.
919 999 1088 1046 Verum,
1127 1010 1245 1046 quum
1281 994 1376 1035 mihi

250 1099 286 1122 „
312 1082 549 1120 nequaquam
580 1070 815 1120 perspectum
845 1070 1028 1117 habeam,
1069 1080 1161 1117 quas
1198 1069 1249 1108 ob
1286 1079 1373 1109 cau-

253 1169 287 1192 „
313 1141 368 1181 sas
401 1143 429 1181 P
445 1150 717 1181 erenotum
743 1141 898 1179 domum
934 1138 1141 1179 rediturum
1181 1136 1343 1187 cupiatis
1359 1164 1374 1185 ,

249 1239 283 1261 ,‚
309 1220 347 1251 et
386 1211 563 1260 quoniam
590 1210 787 1248 ministros
813 1220 916 1247 meos
933 1207 1127 1256 ,inaudita
1141 1207 1276 1255 causa,
1294 1218 1377 1246 mu-

251 1308 284 1330 „
311 1281 465 1319 neribus
512 1279 587 1318 suis
632 1291 766 1318 exuere
799 1290 992 1327 nunquam
1031 1277 1238 1326 consuevi,
1284 1284 1374 1326 peto

249 1378 283 1401 „
309 1361 330 1389 a
352 1349 495 1397 vobis,
523 1357 566 1388 ut
597 1360 764 1405 vestrum
791 1349 931 1396 aliquis
961 1348 999 1386 in
1038 1347 1254 1397 Hispaniam
1286 1359 1376 1395 pro-

251 1448 284 1470 ,‚
311 1420 526 1468 ficiscatut,
571 1431 646 1468 quo
675 1419 767 1457 mihi
793 1418 964 1468 praesens
995 1419 1088 1457 hanc
1130 1429 1206 1456 rem
1248 1419 1374 1467 expla-

252 1519 284 1541 ‚,
310 1502 399 1530 nare
423 1489 590 1540 posfit.”

303 1562 429 1600 Haece
466 1559 562 1610 regis
601 1559 842 1609 responsione
870 1559 1021 1597 minime
1047 1557 1214 1597 contenti
1232 1557 1310 1604 „-G
1329 1544 1371 1596 u·

251 1632 465 1670 lielmus
499 1630 630 1679 suique
668 1629 728 1669 his
762 1630 839 1669 fere
881 1629 1006 1669 verbis
1045 1629 1142 1679 Regi
1178 1627 1374 1678 rescripse-

252 1711 364 1742 runt:
1259 1737 1262 1740 ,

305 1800 336 1820 „
363 1772 423 1810 De
453 1770 631 1809 omnibus
656 1769 701 1808 iis
717 1798 730 1818 ‚
759 1780 852 1818 quae
876 1769 914 1807 in
947 1769 976 1808 P
992 1780 1042 1807 er
1058 1779 1149 1806 eno
1165 1777 1215 1806 to
1249 1778 1373 1816 repre-

255 1869 287 1892 „
314 1842 506 1880 hendenda
545 1840 656 1887 sunt,
682 1851 760 1878 non
798 1849 883 1886 est,
924 1839 1029 1887 quod
1063 1837 1285 1876 articulatim
1317 1838 1374 1875 lo·

253 1938 287 1962 „
315 1922 486 1960 quamur.
551 1910 629 1948 Res
662 1897 738 1958 ipsa
760 1918 941 1957 totusque
967 1908 1194 1956 reipublicae
1233 1907 1371 1955 status,

256 2008 288 2029 ,‚
316 1980 406 2019 haec
432 1980 558 2018 omnia
595 1979 680 2018 satis
714 1988 913 2018 testantur.
966 1980 1103 2027 Neque
1139 1978 1266 2024 enirn,
1301 1990 1373 2028 pu-

254 2079 287 2101 „
313 2050 498 2088 blicorum
545 2049 798 2088 accusatorum
836 2048 946 2087 instar
965 2077 978 2097 ,
1021 2048 1193 2088 adversus
1233 2049 1374 2088 Pere-

257 2149 289 2171 „
315 2131 379 2160 no
395 2129 411 2158 t
427 2132 503 2159 um
532 2131 640 2169 agere
676 2119 916 2168 cupivimus,
944 2118 1004 2158 sed
1037 2131 1159 2169 regem
1200 2127 1370 2168 tantum,

255 2220 289 2241 „
317 2191 419 2240 qnod
447 2201 610 2238 munuS,
639 2201 716 2240 quo
743 2189 964 2238 fungimur,
992 2202 1010 2228 a
1031 2190 1141 2228 nobis
1170 2188 1374 2239 exigebat,

258 2292 289 2313 „
317 2273 462 2317 earum,
493 2272 586 2311 quae
613 2269 790 2310 geruntur
821 2272 940 2302 rerum
965 2249 1280 2300 commonefacere
1304 2245 1372 2297 vo-

1249 2356 1279 2377 „
1307 2329 1375 2370 lui.
