1483 2860
234 197 285 244 95
458 196 1130 241 COMMENTATIO

233 308 262 348 fi
278 308 425 358 quidem
447 319 524 347 non
541 317 681 347 tantum
696 309 839 357 privata
852 310 919 350 fibi
942 310 1145 350 vindicaret
1161 312 1242 361 jura
1253 339 1267 358 ‚
1285 300 1348 349 sed

233 378 347 431 ipsam
372 377 592 419 Pontificum
617 377 873 416 Romanorum
907 380 1162 427 aggrederetur
1185 380 1348 418 auctori-

233 458 361 488 tatem.
413 447 601 487 Nimirum
627 455 718 495 post
743 447 997 486 Cardinalium
1037 449 1233 496 collegium
1257 452 1348 486 c'on-

234 520 431 565 stitutum,
469 517 570 555 Galli
597 517 794 555 discrimen
829 518 963 566 Papam
994 517 1090 555 inter
1125 526 1162 555 et
1193 517 1348 556 Curiam

233 591 440 629 Romanam
462 586 584 625 facere
604 595 830 635 coeperant,
858 588 952 625 hanc
972 581 1120 637 maj0ris
1134 616 1147 635 ‚
1171 598 1281 635 quam
1307 584 1353 625 il·

233 662 311 699 lum
346 659 550 705 faciebant,
578 666 615 695 et
640 657 690 695 ita
717 657 950 695 monarchiae
971 657 1091 705 papali
1118 656 1260 704 aliquid
1285 657 1349 694 de·-

232 729 399 768 trimenti
427 727 651 773 afferebant,
678 737 764 764 cum
802 725 1049 775 Reipublicae
1073 725 1229 764 formam
1257 726 1349 764 Hie-

232 799 397 839 rarchiae
439 799 523 836 dare
557 797 785 835 viderentur.
857 795 1056 844 Philippus
1083 796 1122 843 Ι,
1162 795 1227 843 qui
1253 795 1349 833 Gre-

233 869 330 919 gorii
374 877 544 916 tempore
582 866 622 903 in
661 865 788 903 Gallia
824 865 998 914 regnabat
1017 894 1031 914 ,
1079 866 1181 903 vasti
1220 865 1351 904 Caroli

233 937 358 988 magni
387 935 534 984 imperii
562 935 696 972 molem
727 932 907 972 sustinere
933 944 1011 971 non
1037 933 1211 982 valebat3
1249 933 1352 972 Galli

235 1008 334 1048 enim
350 1005 523 1055 ‚'crebris
548 995 855 1042 Normannorum
874 1002 1128 1041 invasionibus
1143 1032 1157 1051 ,
1191 1003 1352 1041 debilio-

232 1089 292 1117 res
323 1076 446 1125 facti,
483 1073 590 1113 brevi
623 1075 668 1113 de
707 1073 853 1122 integro
892 1074 934 1111 in
962 1084 1195 1113 communem
1233 1074 1347 1124 hujus

232 1148 314 1188 aevi
338 1156 530 1196 torporem
559 1143 777 1182 reciderant.
814 1143 1023 1192 Gregorius
1045 1144 1230 1183 audaciam
1259 1143 1347 1182 huic

235 1226 472 1268 opportunae
501 1226 622 1253 rerum
648 1212 858 1252 conditioni
878 1213 1095 1263 adaequavit
1111 1242 1124 1261 ‚
1154 1215 1288 1251 multas
1302 1203 1349 1252 ad

232 1289 450 1336 Philippum
479 1284 620 1333 scripfit
648 1284 848 1332 epistolas,
887 1296 980 1332 quae
1006 1273 1204 1332 stupendae
1235 1295 1351 1333 papa·

231 1359 281 1398 lis
313 1348 504 1406 superbiae
534 1354 700 1393 offerunt
725 1353 978 1402 documenta3
1018 1354 1077 1392 his
1108 1342 1204 1391 enim
1226 1366 1349 1402 regem

234 1421 419 1468 insontem
460 1424 709 1475 praedationis
731 1452 746 1471 ‚
803 1423 950 1471 rapinae
991 1423 1225 1471 aliorumque
1266 1436 1352 1474 erga

233 1488 436 1540 Ecclesiam
456 1495 653 1533 criminum
678 1505 781 1531 reum
809 1493 899 1531 fecit
925 1492 1008 1542 (1).
1062 1494 1179 1532 Porro
1207 1494 1246 1532 in
1266 1495 1358 1533 Gal·

235 1560 322 1608 liam
353 1569 496 1616 legatos
531 1555 627 1603 misit
644 1592 657 1611 ,
683 1563 749 1610 qui
774 1562 978 1612 Philippo,
1005 1562 1072 1601 nifi
1111 1574 1194 1612 erga
1217 1555 1352 1613 Papam

234 1628 450 1676 submissius
476 1646 518 1673 ac
541 1633 794 1683 poenitentias
817 1631 856 1671 se
880 1642 1045 1682 gereret,
1072 1635 1263 1673 anathema
1286 1635 1355 1673 mi.

238 1715 417 1746 narentur
445 1696 531 1754 (2).

287 1777 494 1817 Alexander
527 1775 576 1814 11.
617 1774 692 1824 jam
731 1764 971 1812 contenderat-
1010 1773 1182 1823 Anglos,
1223 1774 1357 1815 Chris.

1290 1845 1359 1884 tia-

278 1952 331 1989 (ι)
352 1953 464 1981 Harum
479 1948 723 1980 criminationum
743 1948 923 1976 documenta
940 1946 1083 1974 habemus
1110 1943 1140 1973 in
1165 1943 1357 1979 Gregorii

240 2011 338 2045 Epist.
352 2028 364 2043 ,
381 2008 450 2038 Lib.
471 2009 496 2036 1.
519 2006 609 2042 epist.
633 2014 668 2040 35
690 2012 721 2033 et
737 2007 792 2039 36,
814 2012 844 2032 et
862 2002 993 2031 maxime
1010 2001 1041 2030 in
1057 2002 1108 2030 ina
1127 2002 1162 2030 ad
1177 2001 1351 2037 Episcopo&

240 2069 441 2100 Francorum,
466 2072 542 2100 quae
561 2070 607 2092 est
634 2062 702 2091 Lib.
730 2062 770 2089 11.
797 2061 888 2095 epist.
920 2069 948 2093 5·
981 2073 1019 2080 —
1039 2059 1131 2087 Conf.
1160 2057 1356 2092 Theiner,

240 2125 441 2161 Einfiiluung
458 2123 513 2150 der
535 2122 679 2149 Prioster
698 2118 921 2154 Ehelofigket‘t,
942 2117 981 2145 11.
1000 2117 1034 2145 Β.
1058 2116 1083 2145 Ι.
1105 2115 1182 2150 Ab„
1206 2121 1275 2150 pag·
1298 2120 1350 2150 191

241 2192 271 2212 et
294 2192 304 2211 l
330 2193 357 2211 2.

281 2192 334 2278 (29)
354 2239 498 2267 videa-:ur
515 2236 622 2265 Vine
635 2242 689 2269 rs,
711 2229 1054 2266 Esfin'vfurl’influence
1072 2229 1106 2256 de
1129 2230 1160 2255 Ia
1186 2228 1349 2263 Refbrna·

245 2299 327 2333 ηὀη,
350 2302 412 2331 pag.
432 2303 502 2330 413.
