1483 2860
401 239 923 283 LITERARIA.
1174 257 1226 301 επΔ

103 350 335 399 conabatur,
377 352 700 401 admonebatque,
723 361 765 390 ut
793 363 903 402 opem
934 349 1032 389 suam
1062 351 1107 390 ad
1131 362 1222 404 con-⁴

103 420 306 460 firmandos
349 432 473 461 novos
524 422 741 473 Episcopos
782 422 968 463 conferret
1005 431 1041 460 et
1078 418 1227 473 pericu-

101 492 136 529 la
166 491 337 530 Romano
355 513 364 518 —
379 492 597 532 Catholicae
619 493 806 538 Ecclesiae
839 493 1006 542 undique
1029 485 1222 542 imminen-¹

100 560 182 610 tia,
211 563 336 610 quoad
369 564 449 613 eJus
481 562 559 602 fieri
591 564 747 613 posset,
774 571 969 603 averteret.
1022 562 1145 613 Quam
1169 573 1227 600 re-

98 631 157 680 gis
200 633 398 680 epistolam
431 633 746 672 Gulielmum
788 634 939 672 minime
979 631 1226 686 deterruisse,

97 699 159 739 sed
189 702 234 740 ad
261 701 399 750 patriae
437 703 633 741 commoda
666 702 919 752 persequenda
959 701 1076 751 magis
1115 694 1224 739 e'tiam

98 769 316 819 impulisse,
355 772 519 828 quisque
554 772 663 811 facile
691 772 866 821 intelligit
898 772 984 823 (1).
1038 771 1081 810 In
1108 782 1225 809 unum

97 838 405 880 Perenotum
446 833 578 881 oculos
609 843 948 890 convertebat‚--·
972 842 1073 882 hunc
1107 852 1226 898 unum

95 908 266 948 omnium
297 909 436 949 summe
464 912 592 950 oderat
629 924 670 952 ac
697 913 874 952 infestum
904 912 1094 962 habebat3
1122 913 1224 954 hunc

95 988 212 1016 unum
238 1007 251 1026 ,
313 981 452 1029 patriae
509 982 662 1020 exitium
711 993 905 1033 parantem
949 985 1134 1032 expellere
1179 994 1221 1021 ac

83 1048 150 1096 *de
186 1047 351 1097 summo,
392 1052 496 1097 quod
529 1052 701 1100 tenebat,
751 1054 941 1103 potentiae
983 1053 1135 1102 fastigio
1158 1054 1221 1092 de—

88 1116 240 1166 jicere,
306 1119 543 1159 moliebatur.
633 1122 771 1171 Neque
819 1123 1095 1162 Gulielmo
1140 1130 1224 1174 tan-

91 1194 170 1224 tum
210 1186 384 1227 effrenata
423 1190 674 1229 Perenoti
713 1191 771 1229 vis
808 1203 850 1230 ac
886 1201 1057 1241 potestas
1103 1192 1220 1231 invisa

90 1264 196 1306 erat3
245 1257 306 1297 sed
347 1258 532 1298 innumeri
570 1261 764 1310 Belgarum
801 1262 980 1300 Proceres
1022 1264 1122 1301 haud
1148 1263 1217 1301 mi·

89 1335 182 1364 nore
233 1326 342 1364 efflati
388 1328 552 1367 hominis
604 1329 694 1367 odio
741 1329 840 1380 capti
889 1340 1005 1369 erant.
1097 1332 1215 1384 Quod

88 1396 155 1436 ubi
183 1398 449 1436 Perenoti
482 1400 690 1448 arrogantia
737 1400 906 1448 quotidie
936 1402 1022 1450 plus
1048 1402 1214 1450 plusque

89 1467 354 1516 conflagraret,
383 1480 514 1507 omnes
542 1466 614 1508 sese
639 1470 904 1509 Gulielmo
930 1472 1213 1522 conjunxerunt

88 1537 135 1574 ad
160 1536 270 1574 istius
299 1537 376 1575 vim
409 1537 712 1589 infringendam,
741 1539 853 1589 eique
890 1541 1067 1579 omnibus
1089 1542 1210 1581 modis

89 1605 346 1646 resistendum.

136 1677 279 1715 Verum
323 1677 438 1715 enim-
460 1690 578 1727 vero,
637 1680 692 1718 uti
734 1680 773 1718 in
811 1681 1016 1728 omnibus,
1065 1682 1114 1721 ita
1150 1682 1211 1721 hic

84 1757 240 1795 quoque
277 1759 408 1796 magna
458 1737 632 1798 sapientia
682 1758 719 1787 et
758 1750 1036 1799 perspicacitate
1073 1761 1212 1801 utens,

85 1818 189 1856 lento
233 1827 349 1867 atque
396 1827 500 1856 certo
543 1820 659 1868 gradu
692 1821 738 1858 ad
780 1832 965 1869 scopum,
1006 1821 1212 1869 quodrfibi

83 1895 170 1926 ante
227 1889 361 1934 oculos
420 1888 593 1937 posuerat
652 1889 894 1938 procedebat.
977 1890 1020 1928 In
1068 1890 1116 1929 iis
1153 1903 1212 1930 re-

82 1956 186 2006 bus,
238 1969 334 2006 quae
373 1959 418 1997 ad
457 1959 674 2008 religionem
720 1960 920 2010 spectant,
971 1962 1206 2001 tolerantiam

81 2036 168 2069 ante
190 2028 313 2068 omnia
344 2029 501 2069 amabat.
557 2029 638 2081 Ipse
671 2030 823 2080 quidem
849 2030 1072 2071 Catholicus
1097 2043 1203 2082 erat3

1167 2110 1204 2143 at

118 2228 173 2266 (ι)
202 2231 294 2266 Regis
337 2233 467 2269 epistola
511 2233 622 2271 legitur
659 2236 737 2273 apud
786 2235 955 2273 Ηοοῑι,
1011 2235 1071 2272 op.
1111 2235 1134 2264 l.
1170 2235 1197 2264 1.

81 2290 146 2321 12³ss-
170 2289 216 2320 33-
