1560 2860
294 298 405 359 >36
710 293 1099 341 ORATIO.

347 438 402 481 ab
440 450 582 482 eorum
627 433 837 478 imitandis
881 432 987 477 vitiis
1029 432 1263 476 deterreant
1285 463 1298 485 ,
1353 439 1448 476 sunt

346 528 446 559 sane
483 511 693 557 laudandi.
753 510 829 554 Sin
864 509 1016 568 ingenii
1041 515 1201 551 tantum
1235 507 1450 566 gloriolam

348 597 578 648 quaerant,
624 595 665 631 et
702 586 905 630 maximos
945 585 1069 630 etiam
1107 599 1323 642 quosque,
1378 585 1450 642 qui

346 673 444 709 tunc
467 665 657 716 fuerunt,
672 661 796 706 Viros
817 661 960 705 eadem
983 659 1305 718 reprehensione
1329 672 1452 703 com-

345 742 608 801 plectantur,
639 737 798 782 anobis
826 736 1278 797 profecto,pulchrum
1305 743 1346 781 ct
1368 736 1456 780 bo-

347 833 447 863 num
466 849 477 870 ‚
507 815 742 872 ubicunque
770 814 1030 867 inveniatur,
1076 813 1205 872 gratis
1237 813 1282 856 in
1317 813 1456 857 Deum

347 892 492 938 animis
537 890 845 936 advertentibus
860 923 874 945 ,
902 890 1071 934 minime
1111 897 1208 934 sunt
1245 889 1454 935 audiendi.

345 972 451 1015 Atra
484 967 605 1012 fuerit
643 967 723 1011 ista
758 966 884 1010 medii
921 967 1011 1010 aevi
1046 979 1148 1010 nox.
1213 967 1312 1009 Non
1351 979 1459 1023 nego

349 1045 553 1104 equidem.
615 1043 702 1087 Sed
735 1042 926 1099 qualibus
961 1041 1086 1100 igitur
1108 1041 1303 1086 laudibus
1333 1041 1459 1087 nobis

348 1124 464 1169 Deus
501 1121 775 1167 celebrandus
817 1125 906 1172 est,
949 1118 1045 1175 qui,
1089 1132 1166 1176 per
1191 1117 1461 1162 Thomam

350 1200 716 1256 Aquinatem,
745 1195 1021 1239 Joannem
1054 1193 1204 1238 Duns
1235 1193 1462 1240 Scotum

352 1275 538 1331 aliosque
587 1272 770 1330 ejusdem
822 1271 986 1329 palmae
1026 1269 1164 1314 socios
1183 1302 1196 1325 ,
1251 1270 1310 1314 ita
1349 1277 1462 1315 certe

355 1351 435 1395 has
469 1349 734 1394 illustraverit
771 1347 990 1400 tenebras,
1029 1354 1074 1390 ut
1104 1362 1173 1391 eas
1209 1347 1358 1392 laetior
1385 1347 1466 1392 ali-

356 1427 526 1485 quando
557 1425 775 1484 dispellere
802 1431 945 1483 posset
972 1438 1147 1480 aurora3
1179 1424 1357 1481 quique,
1387 1414 1475 1483 per*

354 1504 470 1563 ipsas
494 1502 585 1547 illas
614 1500 837 1546 acerrimas
864 1501 905 1545 R
922 1500 1266 1545 calistarum
1293 1508 1334 1546 et
1357 1501 1463 1546 No..

356 1579 772 1623 minalistarum
822 1577 914 1622 lites
935 1609 948 1631 ,
993 1576 1228 1631 curaverit,
1288 1584 1335 1621 ut
1376 1579 1463 1623 veri

358 1655 584 1713 quaerendi
612 1654 817 1714 cupiditas
843 1655 981 1712 aliqua
1011 1661 1052 1699 et
1091 1654 1339 1699 desiderium
1367 1663 1463 1700 tor-

357 1731 554 1791 pentibus
586 1738 902 1777 conservaretur
934 1730 1130 1788 ingeniis,
1176 1739 1299 1789 atque
1328 1732 1465 1792 impe-

352 1806 510 1865 ⁴dierit,
549 1820 601 1850 ne
645 1806 738 1850 talis
784 1820 833 1849 ea
877 1818 1047 1850 somnus
1082 1820 1132 1850 ac
1159 1814 1349 1852 veternus
1387 1823 1467 1854 oo-

350 1889 558 1942 cuparet,
601 1897 651 1927 ex
686 1896 769 1940 quo
790 1914 803 1937 ,
857 1889 928 1926 aut
968 1896 1203 1940 nunquam,
1259 1892 1329 1929 aut
1365 1894 1466 1945 post

354 1961 588 2021 Lmultorum
626 1959 790 2003 demum
814 1958 1070 2003 saeculorum
1100 1973 1322 2019 soporem,
1352 1961 1468 2006 exci-

353 2036 446 2093 tari
473 2043 645 2095 possent
686 2043 810 2093 atque
841 2035 1054 2094 evigilare!
1090 2034 1192 2094 (29)

351 2163 360 2170 ⁴
420 2111 672 2156 Recentiora
713 2127 767 2156 ne
792 2112 864 2156 hic
900 2113 1024 2170 plane
1056 2112 1212 2157 intacta
1252 2115 1467 2173 relinqua-

355 2203 482 2254 Lmus;
524 2188 569 2232 in
594 2188 667 2233 Lo
684 2188 864 2233 ckium
890 2188 1039 2233 iterum
1074 2191 1217 2235 oculos
1245 2200 1468 2237 converta-

366 2278 483 2318 mm,
513 2265 686 2319 eodem,
720 2265 791 2323 qui
815 2264 847 2310 S
866 2265 1128 2325 pinozam
1161 2267 1324 2323 extulit,
1355 2283 1466 2315 anno

370 2341 522 2407 saeculi
546 2341 693 2389 decimi
718 2342 884 2403 septimi
906 2350 1062 2390 natum.
1104 2344 1230 2403 Quod
1250 2345 1284 2391 si
1314 2345 1465 2391 feceri-

1356 2435 1467 2477 mus,
