1560 2860
301 293 363 334 122
665 289 1051 338 ORATIO.

306 427 558 473 Brunum.
619 428 699 473 Hic
741 430 883 483 enim,
923 443 1017 474 cum
1055 429 1099 477 in
1142 428 1422 486 sagacissimis

298 510 349 548 :et
368 503 616 548 acutissimis
636 505 742 549 sexti
764 505 914 550 decimi
939 521 1060 550 aerae
1079 513 1247 550 nostrae
1269 507 1423 551 saeculi

307 577 419 623 Viris
451 580 686 634 excelleret,
727 583 787 625 ita
824 588 965 626 tamen
1005 581 1194 640 ingenio,
1235 581 1292 625 ad
1328 596 1425 641 my-

305 654 412 698 stica
439 655 608 712 quaevis
636 665 876 702 commenta
903 659 1194 718 amplectenda
1217 657 1423 718 proclivi,

305 731 531 788 regendum
581 748 674 778 sese
725 733 865 788 dedit,
922 742 969 780 ut
1012 738 1108 780 Deo
1154 744 1423 778 cunctorum

305 814 515 851 caussam
543 813 768 868 contineri
793 811 1093 863 contenderet,
1124 821 1169 854 et
1197 815 1424 863 materia?-

305 888 396 929 lem
436 895 481 929 et
509 890 765 942 formalem
807 897 852 932 et
894 898 1160 946 operantem
1207 898 1252 931 et
1291 890 1424 943 fina-

302 967 408 1008 lem.
453 962 561 1023 (19)
621 962 708 1010 Sed
756 979 886 1009 unum
923 965 1140 1009 recordari
1180 964 1252 1008 hic
1295 964 1421 1008 nobis

303 1039 509 1094 sufficiat,
555 1041 629 1098 qui
667 1041 929 1095 Brunum‚
969 1041 1158 1098 quamvis
1202 1055 1422 1100 sagacem„

305 1116 473 1174 ingenio
504 1118 627 1176 longe
657 1118 906 1177 superabat,
937 1116 1250 1176 Spinozam.
1299 1117 1422 1167 Hunc

301 1193 515 1238 rarissima
542 1193 762 1239 eminuisse
793 1194 941 1238 mentis
969 1194 1078 1246 acie,
1112 1194 1206 1251 quis
1233 1201 1316 1246 est,
1350 1193 1422 1250 qui

302 1270 461 1314 nesciat
472 1271 498 1314 ἱ),
523 1269 580 1314 Et
605 1269 702 1316 huic
730 1278 871 1315 tamen
898 1270 980 1330 ipsi
1007 1284 1101 1314 cum
1132 1284 1221 1314 sese
1244 1284 1423 1328 perver-

299 1359 350 1390 sa
378 1348 675 1390 Substantiae*
708 1347 892 1394 definitio
929 1347 1288 1402 commendassem
1320 1353 1421 1390 tan-

300 1420 411 1469 tillus
442 1436 562 1467 error
583 1422 635 1467 in·
659 1423 801 1468 omnia
837 1424 906 1468 illa
945 1439 1037 1468 eum
1078 1423 1284 1482 pertraxit
1318 1423 1420 1481 opi-

300 1497 473 1543 nionum
503 1508 764 1555 commenta,
795 1516 902 1558 quae
934 1501 1048 1545 haud
1077 1501 1296 1549 eluendam
1328 1501 1418 1558 ejus

299 1574 461 1619 nomini
483 1596 486 1599 *
509 1576 725 1621 infamiam
762 1577 1014 1623 illeverunt!
1065 1578 1171 1634 (20)
1219 1599 1278 1613 -—
1308 1577 1418 1625 ,Alia

298 1652 431 1696 multa
454 1683 467 1706 ‚
513 1651 649 1697 sciens
700 1654 999 1712 prudensque,
1044 1654 1116 1701 hic
1164 1661 1415 1713 praetereo:

297 1741 396 1772 nam
441 1728 540 1773 satis
586 1729 672 1786 jam
723 1731 1023 1789 perspexistis,
1077 1730 1329 1775 Auditores!
1382 1730 1419 1774 si

296 1804 470 1861 quidem
501 1805 611 1852 vitae
634 1806 839 1864 Magistra
870 1807 1047 1851 dicenda
1081 1807 1135 1851 sit
1165 1822 1239 1860 ea,
1280 1823 1305 1852 a
1335 1808 1418 1864 qua

298 1888 447 1926 nostro
474 1896 553 1926 nos
584 1883 757 1928 modulo
782 1884 920 1929 metiri
958 1884 1207 1938 doceamur,
1237 1885 1282 1928 in
1317 1876 1418 1929 nul-'-

296 1959 381 2001 lam
419 1958 560 2016 potius
612 1960 875 2019 disciplinam
899 1994 911 2015 ,
961 1978 1088 2019 quam
1130 1962 1174 2005 in
1224 1968 1415 2013 nostrum

296 2033 431 2078 hocce
460 2035 668 2091 studium,
699 2037 826 2094 hujus
845 2038 1027 2085 nominis
1068 2039 1275 2082 honorem
1308 2051 1418 2084 con-,-

297 2123 454 2155 venire.

299 2380 301 2383 ,
351 2335 561 2393 Quoniam
588 2339 778 2390 eximiam
807 2343 916 2393 hanc
947 2358 1036 2389 esse
1060 2344 1183 2402 hujus
1202 2344 1411 2400 Historiae

1318 2421 1412 2464 lau-
