1483 2860
381 268 899 308 LITERARIA.
1025 257 1034 266 '
1128 280 1205 318 19?

85 378 208 417 loniae
242 378 473 428 Agrippinae
515 380 560 418 de
588 391 676 427 pace
711 377 916 427 agebatur,
943 385 1045 424 ,tanta
1079 377 1206 416 seditio

81 449 269 488 concitata
302 459 386 497 est,
429 458 470 487 ut
506 449 622 498 ipsius
656 448 917 487 Gulielmi
953 448 1146 496 prudentia
1172 457 1208 485 et

82 521 286 558 auctoritas
324 532 402 558 eam
441 521 637 568 reprimere
678 519 744 557 vix
780 518 961 568 potuerit.
1016 518 1208 555 Romano-

87 590 262 628 catholici
288 591 347 628 die
375 591 474 627 festo
498 588 776 628 adscenseionis
810 588 1025 627 Christi
1055 589 1092 625 in
1124 600 1209 625 coe-

86 662 190 708 lum,
217 671 384 709 magnam
407 671 609 708 pompam,
637 671 740 697 more
773 660 952 707 majorum
975 669 1214 705 comparave-

86 738 186 768 rant.
247 730 411 785 Vixdum
448 731 628 779 templum
665 728 818 776 egressis
855 738 1006 776 repente
1036 727 1211 765 obstitere

69 799 318 849 evangelici,
346 799 458 848 ipfius
487 800 740 838 Matthiae
774 799 1011 848 praesentiam
1034 799 1132 837 haud
1157 809 1213 836 re-

88 869 226 916 veriti,
268 870 523 919 trepidamque
557 868 835 907 multitudinem
870 880 1055 907 armorum
1099 868 1137 906 vi
1173 867 1212 905 in

88 940 267 987 templum
294 941 526 988 repulerunt.
582 939 705 977 Guli
721 940 807 976 elm
824 951 846 976 u
862 950 880 976 s
897 967 909 984 ,
939 938 1005 975 ubi
1033 938 1123 976 haec
1147 949 1214 975 au-

84 1008 204 1056 divit,
234 1021 254 1047 e
283 1009 444 1057 vestigio
472 1009 760 1058 approperavit,
796 1009 1108 1056 turbulentaeque
1134 1018 1212 1046 tut-

88 1077 183 1125 bae,
209 1090 341 1127 magno
363 1091 449 1117 cum
475 1080 573 1118 vitae
595 1079 834 1127 discrimine,
863 1079 1003 1129 objecit
1039 1077 1111 1116 sese
1135 1089 1213 1116 eam

89 1156 131 1185 ut
164 1147 373 1186 inimicitias
411 1150 644 1197 deponeret,
678 1149 828 1188 fortiter
857 1162 1029 1189 monens,
1098 1150 1211 1187 Frus-

85 1227 155 1256 tra.
195 1219 378 1256 Canonici
412 1220 448 1256 vi
476 1232 520 1257 ex
543 1222 686 1268 templo
721 1220 817 1268 rapti
849 1230 885 1257 et
908 1232 953 1257 ex
981 1219 1071 1257 urbe
1099 1219 1212 1257 educ-

86 1287 116 1325 ti
139 1285 239 1327 sunt.
293 1288 476 1327 Postridie
503 1290 582 1338 ejus
605 1289 676 1327 diei
702 1290 955 1338 magistratum
984 1299 1019 1326 et
1051 1289 1212 1337 optima-

90 1367 146 1396 tes
167 1359 393 1416 conyocavit
420 1358 575 1397 Gulie
592 1360 723 1397 lmus
751 1368 863 1407 atque
879 1357 1074 1406 exposuit,
1102 1369 1214 1405 quam

93 1427 269 1467 exitiosus
296 1429 516 1478 hujusmodi
546 1428 690 1467 insanus
727 1428 835 1467 furor
867 1437 1091 1467 mercaturae
1136 1439 1218 1465 om-

93 1498 209 1545 nique
235 1499 374 1546 patriae
397 1498 503 1536 saluti
529 1498 643 1546 esset,
671 1508 707 1536 et
732 1507 962 1547 quantopere
995 1511 1034 1537 ea
1063 1498 1184 1536 omnia
1201 1526 1214 1545 ,

91 1579 187 1615 quae
217 1577 319 1616 gesta
351 1577 480 1615 erant,
508 1579 591 1607 cum
623 1581 712 1617 pace
738 1570 784 1607 de
811 1569 990 1616 religione
1014 1568 1112 1607 facta
1143 1581 1216 1617 pu-

87 1647 256 1686 gnarent·
309 1638 506 1679 Neminem
541 1648 744 1688 oportere,
772 1639 874 1686 quod
912 1638 988 1687 ipse
1015 1639 1216 1687 concupie-

1128 1709 1214 1757 bat,

89 1873 112 1888 ,‚
135 1862 189 1882 ons
215 1853 373 1888 ghenoeeh
400 1860 478 1882 voot
501 1861 571 1888 geret
599 1853 713 1888 houdt‚
736 1853 813 1881 ende
831 1853 879 1880 dat
901 1859 950 1885 wy
972 1850 1133 1878 derben-en
1162 1856 1215 1877 ons

91 1930 114 1947 „
135 1909 200 1937 niet
233 1916 269 1936 en
303 1909 463 1936 behoeven
493 1909 531 1941 by
566 1908 685 1935 uliedcn
720 1914 749 1934 te
783 1906 1052 1939 ontschuldigcm)
1087 1904 1137 1931 dat
1163 1910 1215 1936 wy

88 1985 111 2001 ‚‚
131 1966 211 1995 noch
235 1974 284 1993 om
314 1966 375 2000 lys,
399 1963 479 1991 noch
496 1969 546 1990 om
571 1969 664 1997 goet,
685 1963 764 1990 noch
784 1969 833 1989 om
853 1960 919 1995 wyf
933 1960 1012 1987 noch
1037 1965 1087 1985 orn
1105 1957 1214 1984 kinde-

90 2040 113 2058 ‚,
133 2028 205 2054 ren,
226 2021 330 2048 sseclits
348 2027 406 2048 eeu
431 2017 560 2052 droppel
579 2024 636 2044 van
655 2017 857 2050 verradereye
879 2014 915 2042 of
928 2011 1124 2047 dietgelycke
1144 2016 1213 2038 ver—

91 2092 114 2109 „
136 2073 191 2108 g‘ift
216 2072 245 2100 in
266 2073 359 2101 onsen
377 2071 488 2100 dranck
506 2079 543 2099 en
568 2072 673 2099 willon
699 2073 791 2100 doen.
833 2070 923 2098 Doch
947 2068 1000 2097 soo
1034 2065 1140 2098 lansshe
1167 2065 1211 2092 ³¹⁸

87 2146 111 2163 ,‚
132 2129 183 2156 het
199 2129 287 2157 Gode
311 2128 453 2156 believen
472 2126 514 2155 sal
532 2133 610 2154 maai·
627 2134 685 2154 een
706 2125 836 2160 droppel
855 2125 953 2152 bloets
978 2123 1041 2151 ofte
1063 2128 1120 2147 een
1140 2127 1215 2154 pen-

84 2196 109 2215 „
130 2183 222 2212 ninck
242 2181 346 2211 flechts
381 2189 437 2209 van
461 2181 534 2210 onse
563 2181 701 2215 goecten,
731 2178 761 2212 ja
786 2186 866 2207 maer
901 2185 959 2206 een
982 2175 1124 2210 weynigh
1149 2181 1218 2202 ver·

90 2259 114 2275 „
135 2240 263 2275 stands,
284 2238 511 2273 neerstigheyd,
534 2237 643 2271 getoof
657 2237 735 2265 ende
755 2235 881 2264 aanzien
896 2242 953 2263 ons
970 2240 999 2262 te
1017 2234 1098 2260 laten
1122 2237 1216 2259 over-

91 2313 115 2330 „
136 2294 268 2330 blyven‚
285 2302 334 2329 wy
353 2293 475 2322 wille-n.
498 2292 547 2320 dat
563 2291 646 2319 selve
669 2293 749 2320 noch
775 2296 821 2319 tot
849 2296 940 2319 uwen
971 2287 1085 2316 dienste
1115 2287 1222 2321 gheer-

88 2364 113 2385 „
134 2353 171 2374 ne
196 2346 334 2376 beneden
362 2348 553 2382 toeyghenen
581 2347 658 2375 ende
677 2345 850 2381 opofferen.
