1483 2860
211 231 258 275 84
445 223 1102 265 COMMENTATIO

212 335 488 382 madvertisset‚
541 335 673 388 horum
718 332 887 382 vestigiis
926 343 1003 370 non
1033 331 1219 380 insistere,
1258 332 1320 372 sed

211 407 316 445 aliam
334 406 428 444 viam
446 433 460 451 ‚
488 405 661 450 illamque
686 404 836 451 prorsus
865 402 1068 449 insuetam,
1096 402 1236 450 ingredi
1277 403 1323 441 fi.-

212 476 251 514 bi
278 474 487 524 proposuit.
541 474 697 520 Itaque,
725 485 794 521 pro
832 475 969 511 astutia
1019 482 1054 510 et
1096 473 1323 519 cailiditate,

211 547 370 596 primum
405 543 625 582 infirmiores
658 543 882 581 adversarios
920 542 1111 591 aggressus
1148 551 1232 590 est,
1281 549 1325 579 ut

210 614 453 654 validioribus
479 612 562 651 suae
587 613 820 651 auctoritatis
846 622 984 651 metum
1006 613 1187 651 incuteret
1209 641 1223 660 ‚
1242 623 1327 650 eos-

214 697 287 734 que
319 684 495 732 deinceps
523 695 568 721 eo
590 683 739 720 felicius
762 683 976 722 debellaret.
1008 685 1231 722 Convocato
1258 682 1327 731 igi-

215 764 275 793 tur
313 755 456 792 Romae
478 753 639 791 concilio
659 754 804 802 (1074)
821 782 834 800 ‚
862 753 1140 792 Gothofredum
1178 753 1330 792 Medis)-

214 825 394 864 lanensem
424 823 537 863 laesae
553 824 753 872 maJestatis
790 824 1005 872 pontificiae
1028 835 1131 862 reum
1169 824 1264 872 (ι),
1292 831 1329 860 et

213 897 451 935 Robbertum
487 894 764 940 Guiscardum,
807 894 1110 931 Normannorum
1152 892 1191 930 in
1221 893 1330 940 Apu-

211 967 262 1006 lia
297 968 439 1005 Ducem
457 993 470 1012 ,
499 965 564 1013 qui
589 965 871 1010 Beneventum,
901 962 1118 1001 Patrimonii
1152 962 1196 1001 S‘i
1231 963 1330 1001 Petri

212 1039 373 1083 urbem,
401 1036 544 1074 obfidio
579 1035 726 1083 cingere
763 1032 872 1071 ausus
912 1032 1057 1080 fuerat,
1102 1033 1330 1072 anathemare

213 1107 396 1157 percussit
429 1107 512 1156 (2).
566 1105 803 1153 Episcopum
847 1115 936 1141 vero
984 1102 1298 1142 Constantiensem
1315 1131 1329 1150 ,

215 1179 282 1228 qui
318 1178 430 1227 hujus
468 1175 612 1224 Synodi
637 1175 782 1212 decreta
811 1172 944 1211 derisui
975 1173 1181 1219 habuerat,
1211 1172 1330 1211 statim

217 1261 237 1287 e
260 1248 342 1287 sede
376 1245 582 1296 episcopali
607 1245 818 1282 deturbavit
845 1243 929 1292 (3).

265 1317 417 1368 Quibus
433 1327 612 1365 prospere
635 1314 752 1362 gestis
766 1342 779 1361 ,
794 1313 1004 1361 Gregorius
1019 1312 1193 1351 audacior
1207 1312 1328 1351 factus

215 1389 397 1428 continuo
421 1384 631 1424 universum
649 1385 787 1422 clerum
814 1383 859 1421 ab
888 1382 1125 1430 Imperatoris
1162 1395 1203 1421 ae
1228 1383 1333 1422 Prin·

158 1443 161 1446 Δ
216 1461 342 1508 cipum
375 1456 594 1496 auctoritate
626 1455 855 1493 liberandum
881 1452 1035 1491 censuit.
1090 1454 1145 1492 Ut
1171 1465 1215 1491 eo
1250 1465 1335 1502 per-

1272 1535 1336 1561 ve-

219 1664 394 1694 vestituram
419 1664 506 1693 laicis
523 1663 671 1698 adimere,
693 1660 845 1690 simoniam
869 1659 1033 1692 abrogare,
1063 1655 1244 1686 coelibatum
1269 1657 1333 1684 cle-

220 1723 291 1751 ricis
330 1722 487 1757 imponere
524 1728 554 1749 et
584 1721 758 1749 universum
789 1721 904 1747 clerum
943 1716 1101 1744 emendare
1140 1716 1208 1749 plus
1241 1714 1333 1742 semel

220 1781 446 1815 spectaverant,
469 1779 582 1813 scd,ut
600 1786 704 1806 omnes
730 1779 953 1809 decreta,quae
980 1774 1058 1800 hunc
1077 1772 1106 1798 in
1120 1771 1208 1800 finem
1227 1774 1332 1802 edide-

221 1845 305 1872 rant,
327 1838 586 1872 exsmuercnmr,
607 1844 668 1864 non
687 1836 755 1863 satis
776 1839 975 1864 curaveraut;
1006 1828 1234 1864 Gregorius
1263 1832 1333 1861 vn.

220 1902 296 1922 vero
324 1893 468 1924 audacia,
489 1891 651 1920 constantia
682 1900 715 1920 ac
738 1890 919 1919 fortitudine
940 1891 1014 1917 haec
1037 1889 1159 1923 omnia,
1181 1897 1257 1923 quae
1284 1889 1336 1918 ali}

218 1951 329 1978 frustra
355 1949 454 1977 conati
481 1949 621 1980 fuerant,
643 1948 723 1975 solus
742 1946 885 1981 perfecit.

263 2009 318 2043 (ι)
341 2007 434 2035 Conf.
463 2005 668 2039 Theiner‚
695 2003 898 2041 Einfiihrung
923 2003 977 2031 der
1005 2003 1336 2040 Pricster-Ehslossg-

222 2064 286 2092 kei!
301 2085 311 2100 ,
332 2065 370 2092 11.
396 2064 431 2092 Β.
454 2063 478 2091 Ι.
503 2063 582 2096 Ab„
603 2070 668 2096 pag.
694 2062 756 2090 163.

261 2122 314 2156 (α)
335 2121 425 2156 Quod
440 2127 538 2148 tamen
560 2120 732 2151 anathema,
759 2119 869 2146 unitata
895 2117 1039 2152 deinceps
1063 2117 1206 2152 fortuna,
1238 2117 1334 2147 sustu-

218 2178 268 2207 lit.
293 2178 362 2206 Vid.
381 2176 469 2209 hujus
488 2175 780 2210 Commentatiouis,
801 2175 879 2203 Part.
897 2175 937 2202 11.
958 2175 1032 2209 Cap.
1057 2176 1111 2203 111.
1129 2175 1156 2209 §.
1198 2184 1225 2204 1.

260 2238 314 2274 (3)
342 2235 413 2263 vid.
441 2233 551 2267 Pagi,
575 2233 699 2260 critica
725 2234 758 2260 in
789 2231 956 2260 Batonii
980 2232 1140 2265 Annales,
1161 2231 1252 2261 Tom.
1280 2231 1337 2262 [v.

221 2303 290 2332 pag,
316 2295 391 2327 256·
405 2291 456 2320 Th
470 2296 486 2318 e
504 2288 610 2326 iuer,
630 2291 652 2318 1.
675 2297 703 2318 c.
727 2290 765 2318 11.
788 2290 824 2319 Β.
842 2289 864 2317 1.
881 2288 961 2324 Ab„
982 2294 1053 2324 pag.
1075 2289 1127 2321 183
1145 2287 1230 2322 seqq.
