1560 2860
469 289 851 336 ORATIO.
1160 292 1219 340 47

116 428 182 473 nis
217 436 381 471 sensum
423 426 738 485 significandum
774 429 912 476 Vestri
957 430 1059 474 mihi
1088 431 1223 475 vultus

118 503 316 564 componi
349 503 552 550 videntur.
631 506 688 549 Et
733 508 925 566 profecto
972 508 1130 552 ferreus
1175 508 1229 552 sit

120 588 315 641 oportet,
359 581 431 638 qui
466 581 564 627 Viri*
600 582 733 627 vicem
764 597 850 627 non
890 584 1054 638 doleat,
1105 598 1231 642 quem

117 658 287 717 ingenio
348 672 565 716 sagacem,
607 667 746 704 mente
782 661 990 714 alacrem,
1051 675 1233 720 corpore

126 735 276 793 agilem
295 766 308 789 ,
327 750 471 779 omnes
501 736 798 794 cognovimus,
829 737 901 793 qui
928 750 1026 782 vero
1053 750 1164 781 nunc
1193 736 1238 781 in

120 826 212 857 eam
252 811 379 856 sortis
430 811 639 856 miseriam
681 811 866 869 dejectus
906 819 1022 866 erat,
1072 818 1121 856 ut
1155 811 1239 871 ipsi

119 903 207 933 non
237 895 324 933 tam
357 887 442 933 vita
467 895 611 948 erepta
628 919 640 941 ,
674 903 799 945 quam
823 902 939 932 mors
963 888 1120 933 donata
1146 901 1237 933 esse

124 965 358 1009 videretur!
400 986 453 996 -—
485 963 572 1007 Sed
593 963 693 1007 hinc
733 964 788 1008 ad
822 964 1006 1009 laetioris
1032 963 1238 1024 temporis

122 1039 369 1085 memoriam
403 1038 669 1084 recolendam
717 1040 880 1085 animos
915 1048 1086 1086 nostros
1123 1042 1240 1087 refe<-

123 1130 280 1160 ramus.
337 1115 515 1173 Qualem
538 1114 664 1173 igitur
689 1122 732 1159 et
751 1130 873 1173 quam
899 1117 1107 1161 assiduam
1130 1131 1239 1177 ope-

121 1207 215 1237 ram
258 1191 537 1237 addiscendae
583 1191 846 1236 Medicorum
888 1193 968 1236 arti
1013 1194 1112 1238 olim
1127 1226 1141 1249 ,
1192 1194 1238 1238 in

122 1269 359 1329 juventute,
390 1268 551 1313 dederit
588 1275 733 1313 noster
769 1268 842 1314 hic
869 1283 1004 1328 nuper
1036 1269 1234 1329 Collega3

126 1345 210 1391 hoc
250 1345 516 1406 potissimum
549 1353 795 1404 ‘argumento
835 1346 1054 1401 elucescit,
1098 1347 1236 1405 quod,

127 1423 377 1468 nobilissimi
413 1421 540 1467 studii
576 1423 856 1482 persequendi
884 1425 1032 1469 caussa
1048 1456 1060 1478 ,
1092 1428 1240 1468 unde-

129 1503 220 1544 cim
244 1500 378 1554 adeo,
409 1506 451 1543 et
480 1498 595 1557 quod
626 1499 834 1556 excurrit,
871 1517 1037 1556 annos,
1061 1500 1108 1545 in
1122 1501 1241 1547 Aca-³

130 1576 304 1630 demiis,
320 1589 415 1620 cum
440 1575 612 1635 patriis,
641 1583 730 1621 tum
752 1577 902 1621 exteris
919 1610 933 1632 ,
958 1583 1147 1623 versatus
1172 1577 1238 1622 sit.

131 1652 262 1712 Cujus
293 1667 447 1712 operae
461 1652 694 1698 indefessae
718 1653 887 1698 tandem
902 1685 915 1708 ,
931 1653 1055 1698 tertio
1068 1654 1243 1712 hujusce

133 1728 286 1774 saeculi
309 1742 421 1774 anno
430 1761 443 1784 ,
472 1730 880 1775 maturum'sructum
896 1731 1053 1787 edidit,
1084 1731 1244 1776 disser-

133 1804 334 1852 tationem
363 1810 420 1850 de
444 1808 639 1863 fabrice}
675 1810 1056 1851 articulationum
1092 1811 1242 1852 inter-

133 1886 198 1928 nd
213 1902 236 1938 ,·
266 1896 392 1941 quam
426 1883 551 1928 docte
587 1882 785 1944 scriptam
818 1899 932 1939 esse,
975 1883 1246 1944 gravissimo-

135 1974 232 2006 rum
267 1959 449 2018 judicum
487 1959 726 2006 testimonio
758 1960 859 2006 mihi
898 1962 1097 2009 constitit.
1157 1962 1246 2008 Nec

136 2037 228 2096 ejus
261 2036 476 2082 doctrinae
519 2053 594 2083 sua
638 2039 856 2084 defuerunt
893 2039 1095 2098 praemia.
1178 2038 1249 2085 Ad

141 2113 375 2159 Medicinae
392 2115 501 2160 enim
524 2115 778 2161 Cathedram
807 2117 1040 2162 ornandam
1061 2118 1247 2160 Frisia-

143 2204 271 2245 cam,
299 2199 446 2251 postea
473 2191 596 2238 etiam
635 2197 896 2250 Gelricam,
923 2195 1155 2241 honorifice
1177 2194 1248 2240 in-

142 2265 293 2310 vitatus
318 2275 380 2312 est
395 2300 407 2323 ,
437 2276 479 2314 et
516 2270 702 2316 aliorum*
726 2271 1027 2332 suffragatione
1051 2286 1178 2326 usus,
1209 2278 1250 2316 et

142 2339 381 2388 G-euusii
420 2344 635 2406 inprimis»,
682 2348 773 2396 Viri
818 2349 861 2396 in
909 2350 1055 2409 paucis
1093 2347 1247 2407 magni.

1161 2424 1247 2470 Ve-
