1483 2860
252 259 305 306 46
475 238 1149 303 COMMENTATio

248 395 284 415 ‚,
310 365 393 406 cilis
427 366 502 406 esse
535 377 689 417 potest,
732 369 824 418 quin
867 371 1010 422 semper
1042 372 1186 422 aliquid
1229 373 1380 425 adJ'ieiat

252 460 285 485 „-
310 438 409 475 malo
436 438 607 487 publico,
672 439 878 487 Nunquam
912 442 1005 480 mihi
1034 443 1205 492 placuit,
1243 444 1292 483 ins
1316 454 1395 484 tot·

251 536 283 557 „
309 508 492 556 concilia,
520 520 629 548 curas
654 510 801 558 Imperii
840 519 877 549 et
909 521 1039 550 arcana
1073 511 1245 552 distrahi.
1287 513 1379 553 Suf-

246 605 279 628 ‚‚
306 579 386 617 ficit
427 578 608 619 omnibus
647 581 847 618 concilium
899 581 1039 629 status,
1077 592 1115 621 et
1146 584 1219 621 hoc
1257 583 1378 632 ipsum

248 677 280 698 „
306 649 484 687 Proceres
508 660 586 687 non
619 661 704 687 raro
735 650 831 688 inter
865 651 901 689 se
933 651 1072 691 secreto
1105 652 1383 703 musfitarunt,

247 746 280 768 ,‚
307 719 468 767 ideoque
501 729 632 769 repeto
650 749 662 768 ,
691 728 734 758 ut
768 732 899 759 omnes
926 721 1136 771 intelligant
1153 751 1165 771 ,
1193 723 1285 763 haut
1307 724 1376 762 ali·

250 817 282 838 ,‚
310 799 368 828 ter
401 799 460 829 tot
487 792 668 829 malorum
717 790 830 828 finem
873 792 1000 830 haberi
1032 785 1173 841 posse,
1199 804 1309 841 quam
1346 793 1377 833 st

248 886 280 907 „
308 859 478 897 Privatae
504 859 630 896 curiae
646 887 659 905 ,
689 868 725 896 et
752 860 1007 897 Finantiarum
1029 860 1150 899 officia
1167 889 1180 908 ,
1207 861 1246 899 in
1283 863 1394 901 Pro--

248 929 410 976 „ceres
456 929 654 967 transferat
695 929 780 968 Rex
828 930 1110 979 Philippus
1151 932 1390 971 concilium--

248 1026 282 1048 „
308 1011 384 1047 que
423 1010 571 1048 nnum,
622 999 742 1038 veluti
774 1010 891 1038 unum
931 1012 1072 1050 corpus
1113 1011 1158 1039 ex
1196 1002 1376 1041 omnibus

248 1089 282 1118 „
305 1069 433 1109 faciat.
460 1083 464 1086 ·
487 1071 758 1109 Postulandum
786 1071 860 1109 hoc
887 1079 946 1109 est
971 1071 1017 1109 ab
1041 1080 1087 1109 eo
1115 1071 1259 1111 disertis
1292 1083 1390 1111 ver--

247 1167 281 1189 „
306 1139 391 1187 bis,
431 1142 578 1180 nullum
617 1140 789 1190 alioquin
829 1140 996 1181 fructum
1033 1141 1172 1191 legatio
1205 1140 1388 1180 habitura·

249 1237 274 1259 „
301 1220 358 1249 est
378 1211 462 1261 (1).
468 1211 497 1228 ’'

295 1281 440 1329 Videt,
468 1280 632 1330 opinor,
662 1281 850 1329 quisque,
879 1282 1002 1329 qualis
1027 1281 1143 1320 fuerit
1173 1280 1386 1320 Guliel-v

245 1349 299 1389 mi
328 1361 473 1398 mens,
514 1352 643 1398 quales
681 1351 846 1389 rationes
866 1379 879 1398 ‚
917 1351 1037 1398 qualis
1075 1351 1215 1399 patriae
1256 1362 1388 1392 a1n0r‹¹

240 1420 496 1460 Periculosum
537 1429 645 1467 erat,
683 1420 838 1467 omnia,
881 1432 975 1468 quae
1014 1421 1138 1459 animo
1179 1420 1390 1459 versabant*

242 1491 371 1539 cives,
400 1491 499 1540 Regi
539 1491 706 1538 tradere,
748 1489 999 1539 periculosum
1044 1499 1121 1528 erat
1145 1491 1179 1528 ei
1212 1491 1388 1539 explica-·

242 1574 306 1610 re,
334 1570 477 1609 quanto
514 1562 750 1600 decretorum
783 1559 938 1598 suorum
971 1559 1127 1598 fastidio
1160 1567 1386 1598 tenerentur-

245 1642 403 1679 omnes,
433 1639 650 1679 quantaque
678 1629 959 1669 minitarentur.
1025 1629 1170 1668 Verum
1189 1630 1390 1678 peritulo⁴=

246 1704 323 1743 ssus
347 1704 469 1743 multo
505 1711 610 1750 erat,
638 1702 764 1740 omnia
789 1701 868 1756 ista
896 1701 1211 1740 disfimularessac'
1237 1703 1370 1740 celare.

246 1776 529 1822 Fundamenta,
559 1773 700 1821 quibus
731 1773 961 1812 innitebatur
990 1771 1150 1819 civitas,
1178 1772 1392 1810 vehemenaee

246 1855 305 1886 ter
334 1845 678 1893 concutiebantur3
713 1854 825 1882 omne
857 1842 1085 1891 reipublicae
1125 1842 1246 1880 veluti
1278 1841 1387 1880 aedi-

249 1915 377 1957 ficium
394 1917 542 1966 jamjam
575 1914 743 1953 casurum
779 1913 1006 1960 videbatur,
1037 1913 1141 1961 quod
1173 1911 1387 1951 ubi-'semele

248 1985 452 2036 collapsum
483 1988 601 2032 esset,
627 1986 730 2023 nulla
745 1984 812 2031 vi,
841 1984 933 2033 erigi
952 1983 1092 2033 posset.
1146 1983 1249 2022 Haec
1270 1994 1390 2033 praev

248 2058 346 2099 vidit
374 2055 692 2096 Gulielmus.
746 2055 878 2103 Itaque
903 2055 1002 2104 Regi
1035 2063 1152 2093 totam
1181 2065 1258 2092 rem
1286 2064 1390 2093 enumt

251 2128 441 2168 cleandam
478 2124 555 2165 esse
592 2123 751 2164 censuit.
805 2125 924 2174 Regis
958 2133 1034 2164 erat
1055 2124 1218 2173 eligere,
1243 2132 1387 2162 utrunv
1481 2157 1483 2196 1

1303 2205 1385 2232 τειι·

291 2299 346 2338 (1)
365 2301 468 2330 Verba
491 2309 531 2330 ex
563 2300 797 2336 Burgundi,
828 2302 888 2337 Op.
918 2303 942 2331 l.
975 2309 1045 2337 pag.
1075 2311 1114 2339 40
1132 2309 1202 2338 sqq.
1228 2298 1379 2335 descripta

251 2358 330 2387 sunt.
355 2355 461 2388 Conf.
474 2364 544 2388 van
577 2356 646 2387 der
666 2358 791 2388 Haer
818 2355 880 2396 Op.
898 2361 908 2387 1
936 2365 1004 2395 pag.
1025 2367 1092 2394 255,
