1483 2860
396 285 920 336 erssnaurm
1169 294 1221 335 π

92 394 160 444 se,
184 403 298 452 atque
327 396 414 436 olim
432 394 575 445 rpatriae
590 393 742 435 causam
777 403 907 434 contra
942 404 1068 443 regem
1093 392 1218 437 susce-

89 463 213 519 pisse,
240 477 381 506 omnes,
399 476 589 506 aerumnas
624 477 645 505 a
668 465 815 523 civinm‘
842 463 1053 505 cervicibus
1084 462 1210 507 sedulo

88 535 288 585 repulisse,
315 547 414 578 nunc
447 547 537 575 vero
576 535 702 576 omnia
727 535 820 579 mala
850 533 939 575 odio
976 532 1042 575 suo
1069 533 1211 571 condo-

86 616 216 659 nare,
251 616 297 651 ut¹
328 616 459 663 postea
493 605 644 657 gloriari
679 603 833 655 posset„
870 602 907 643 se
955 602 1083 648 omnia,
1123 610 1208 641 ante

83 676 309 728 praevidisse
326 703 341 727 ,
363 687 567 726 regemque
590 677 635 717 de
661 674 882 715 instantibus
909 673 1013 714 malis
1039 662 1208 712 commo*-

82 744 279 800 nefecisse.
417 800 422 803 Ἰ
802 793 806 803 .

131 817 307 867 Aliquam
321 818 471 867 quidem
479 818 613 857 horum
629 815 866 871 ratiocinium
881 843 894 864 ,
909 814 1029 854 fateor
1039 842 1052 862 ‚
1070 823 1157 863 prae
1170 811 1205 851 se

80 883 157 927 fert
186 888 353 931 veritatis
377 888 615 940 speciem3at
638 899 726 927 vero
741 898 781 926 re
803 885 1011 927 accuratius
1024 883 1207 925 examina-

77 963 115 995 ta
129 965 166 995 et
190 958 369 1008 perpensa
383 987 397 1007 ,
416 959 635 998 luculenter
657 965 810 1007 apparet
822 985 837 1004 ,
852 967 917 994 eos
942 954 980 997 G
994 954 1100 998 ulie
1114 954 1174 990 lm
1189 951 1203 990 i

76 1025 228 1066 consilia
258 1040 301 1067 ac
328 1029 562 1078 prudentiam
590 1027 742 1067 minime
777 1023 1016 1077 perspexisse.
1067 1024 1202 1071 Itaque

76 1106 213 1148 operae
239 1098 401 1146 pretium
423 1100 494 1139 erit
522 1099 657 1138 horum
679 1097 904 1155 scriptorum
927 1106 1089 1139 errorem
1113 1093 1200 1146 bre?

0 1210 6 1217 y
75 1165 172 1205 viter
197 1168 414 1218 explanasse,
434 1168 763 1216 teterrimamque‚
790 1178 901 1217 quam
927 1164 1155 1206 Gulielm
1173 1173 1197 1210 o

73 1234 221 1276 inurere
247 1238 375 1277 conati
403 1238 488 1291 sunt
506 1266 521 1287 ‚
546 1240 730 1278 maculam
756 1235 975 1276 abstersisse.

13 1362 16 1365 Δ
98 1306 286 1356 .Omnia‚
315 1307 455 1357 quihus
477 1307 711 1357 Philippi
746 1305 1199 1361 animumssflectereposj·

40 1374 148 1423 sets
187 1378 264 1426 jam
298 1388 475 1427 expertus
518 1387 597 1417 erat
632 1377 946 1418 Gulielmus.
1024 1370 1195 1422 Ingentia

73 1456 169 1493 quae
211 1438 453 1498 imminebant
478 1445 672 1495 pericula,
699 1444 730 1484 fi
751 1442 1035 1492 Inquifitionem
1071 1439 1193 1490 aerina

72 1525 251 1565 urgeret,
300 1516 336 1554 ei
386 1516 458 1566 jam
492 1516 710 1565 exposuerat
748 1513 909 1563 saepius.
973 1512 1194 1561 Egmon·

73 1587 163 1627 dus
186 1614 200 1635 ,
247 1585 323 1636 ipse
375 1597 499 1625 coram
519 1614 539 1639 ,k
577 1597 702 1636 regem
751 1568 1010 1623 admonuerat}
1075 1580 1194 1624 Frus-

69 1665 140 1697 tra.
178 1677 233 1687 —
267 1655 446 1704 Consiliis
484 1667 526 1695 ae
553 1655 708 1694 monitis
738 1653 845 1693 nullo
882 1660 995 1700 pacto
1033 1650 1191 1700 obsequi

68 1728 164 1769 velle
211 1726 419 1766 videbatur.
485 1725 590 1776 Quid
635 1723 783 1774 igitur?
826 1720 1108 1772 Sagacisfimum
1135 1709 1192 1758 in-

69 1797 218 1847 genium
259 1798 328 1836 aiia
377 1796 604 1845 excogitavit
637 1803 752 1844 atque
777 1804 882 1832 nova
905 1793 1016 1842 plane
1040 1802 1082 1829 ac
1110 1790 1193 1828 inu»

65 1867 168 1908 fitata
189 1867 323 1917 agendi
355 1867 499 1905 ratione
533 1865 591 1905 uti
628 1864 837 1904 constituit.
889 1862 1005 1911 Regis
1032 1849 1192 1917 decretis

66 1938 366 1988 obtemperavit3
399 1936 498 1989 nihil
537 1935 698 1985 amplius
737 1933 884 1973 restitit.
937 1932 1042 1971 Num
1075 1930 1190 1980 igitur

64 2011 250 2059 populum
263 2037 278 2056 ‚
295 2020 406 2057 quem
418 2015 525 2046 antea
543 2006 686 2056 semper
713 2005 944 2049 adamaverat
955 1999 1084 2040 misere
1105 1987 1191 2049 per*-

66 2081 153 2129 dere
191 2064 342 2128 voluit,
382 2087 425 2123 ut
462 2090 531 2117 rex
565 2085 666 2117 tanta
690 2076 771 2127 eius
794 2072 1003 2112 caiamitate
1039 2069 1189 2111 tandem

70 2158 311 2198 moveretur,
348 2147 595 2199 perversaque
624 2146 691 2191 ¹sua
717 2143 869 2186 consilia
906 2153 952 2180 ex
991 2141 1093 2180 illius
1132 2150 1197 2178 ae·

70 2219 213 2261 rumnis
249 2221 481 2259 edoceretur.
531 2217 626 2258 Non
665 2216 716 2255 ita
750 2215 849 2255 sane.
902 2211 1020 2263 Quod
1058 2217 1191 2260 postea

69 2289 207 2330 factum
235 2298 320 2338 est,
358 2288 559 2328 divinando
576 2288 650 2338 jam
673 2284 856 2336 praevidit
883 2280 1098 2332 ingeniosus
1120 2280 1191 2318 ho-

67 2372 157 2400 mo:
201 2359 360 2409 scilicet,
405 2359 503 2409 regis
538 2357 694 2398 decretis
727 2365 875 2406 paucos
906 2360 1051 2392 tantum
1082 2348 1189 2388 obsc-

1099 2427 1191 2456 cun-
