1483 2860
236 190 922 234 MATHEMATICA.
1100 204 1147 242 ις

38 313 142 354 parte
169 302 299 352 puncti
333 311 530 341 contactus
560 309 625 340 aut
660 299 768 350 supra
797 309 862 340 aut
895 300 991 339 infra
1012 302 1151 341 hancce

36 374 74 413 se
108 374 300 416 extendat„
345 373 401 411 Ita
423 383 482 410 res
509 369 583 409 sese
605 370 716 409 habet
740 370 779 409 in
806 382 1035 420 quocunque
1061 384 1152 411 con-

35 451 136 485 tactu
163 444 304 486 ordinis
330 441 497 491 imparis.
550 441 650 480 Cum
679 450 800 480 autem
827 442 864 480 in
892 450 1068 481 contactu
1092 454 1154 480 or·

35 514 135 556 dinis
181 513 280 563 paris
323 512 484 560 modus,
538 523 615 560 quo
662 513 729 550 hae
768 513 862 551 duae
893 525 1029 552 curvae
1062 525 1084 551 a
1118 513 1154 552 se

35 584 195 623 invicem
245 582 458 632 separentur
482 611 496 630 ‚
546 583 750 631 dependeat
789 594 810 621 a
859 583 1018 621 termino
1037 611 1051 631 ,
1115 584 1155 621 in

38 666 115 703 quo
147 656 174 693 h
215 654 357 693 ordinis
391 662 448 691 est
488 653 659 702 imparis,
718 665 752 692 e.
805 665 844 702 g.
896 653 935 692 in
978 661 1156 692 contactu

35 724 186 764 secundi
231 724 400 772 ordinis,
454 724 492 761 in
535 735 611 771 quo
649 723 752 761 hicce
795 724 930 763 modus
973 724 1157 772 dependet

36 836 62 862 a
82 787 205 898 †{{{
227 851 240 863 .
263 789 420 907 ἰ-ὴΞ--έ
447 830 548 872 patet
564 850 578 871 ,
605 822 748 860 huncce
787 830 947 870 quotum
986 818 1159 860 differen-

37 920 181 961 tialium
210 920 316 971 figno
349 920 510 970 mutari,
537 919 564 959 fi
594 920 640 959 ab
668 920 865 969 ordinata,
892 928 1035 969 puncto
1067 930 1159 958 con-

41 1001 166 1030 tactus
194 991 468 1041 praecedente,
517 991 564 1031 ad
590 1002 667 1029 eam
705 1003 800 1039 quae
831 992 948 1029 hocce
978 999 1160 1040 punctum

35 1061 227 1110 sequitur,
281 1070 519 1116 transeatur,
571 1061 734 1110 ideoque
759 1073 911 1101 curvam
946 1070 1157 1110 tangentem

37 1140 121 1171 ante
164 1140 361 1171 contactus
395 1140 580 1181 punctum
625 1131 734 1181 supra
775 1132 908 1171 lineam
948 1140 1081 1171 tactam
1123 1140 1160 1169 et

36 1210 127 1252 post
150 1201 269 1241 hocce
296 1210 481 1251 punctum
505 1201 603 1240 infra
628 1210 762 1240 tactam
787 1201 823 1240 se
846 1204 1068 1250 extendere,
1095 1211 1160 1240 aut

38 1281 124 1311 ante
146 1281 330 1322 punctum
350 1272 448 1311 infra
461 1280 498 1310 et
521 1281 611 1321 post
634 1273 751 1310 hocce
772 1271 907 1321 supra;
935 1284 1024 1323 ergo
1043 1274 1160 1311 hocce

39 1340 124 1381 casu
145 1352 166 1380 a
189 1350 362 1391 tangente
385 1352 535 1380 curvam
564 1342 603 1380 et
630 1342 732 1390 tangi
765 1350 801 1380 et
829 1340 942 1380 secari
972 1343 1029 1391 ι).

532 1469 571 1516 §.
625 1480 665 1515 4.

95 1600 133 1639 A
167 1599 312 1639 theoria
351 1600 582 1650 tangentium
619 1612 697 1640 non
731 1603 893 1654 disjungi
929 1613 1077 1653 potest,
1104 1606 1163 1644 in—

44 1668 186 1718 dicare,
209 1669 402 1717 quomodo
426 1681 556 1709 omnes
581 1680 776 1712 contactus
799 1677 1047 1723 respondeant
1066 1675 1163 1714 limi·

45 1739 148 1779 tibus
181 1739 483 1780 interfectionum
518 1753 731 1782 curvarum.
792 1744 862 1782 Uti
893 1754 1088 1784 contactus
1119 1745 1164 1784 li-

42 1820 132 1849 neae
163 1819 282 1849 rectae
317 1819 356 1850 et
390 1823 526 1850 curvae
568 1820 744 1861 tanquam
782 1815 874 1853 duae
907 1816 1162 1855 coincidentes

43 1879 323 1921 interfectiones
349 1879 573 1919 confiderari
606 1891 760 1932 potest,
813 1885 864 1922 ita
896 1886 1033 1924 habent
1068 1888 1163 1925 duae

41 1948 200 1999 curvae,
229 1961 385 1999 quarum
423 1949 725 1990 interfectionum
751 1964 890 2002 puncta
919 1955 1132 1996 coincidant
1147 1985 1161 2004 ‚

48 2018 163 2083 'unum
199 2029 342 2060 tantum
372 2030 555 2072 punctum
588 2033 808 2073 commune,
836 2023 874 2063 in
897 2037 1002 2075 qu0,
1030 2035 1072 2065 ut
1096 2038 1164 2076 per

1108 2096 1163 2135 se·

92 2208 126 2244 1)
165 2209 257 2240 vidd.
288 2211 400 2249 Joum.
432 2211 599 2242 del'ecole
618 2215 722 2249 Polyt.
754 2215 829 2245 Cah.
860 2216 945 2246 XVI.
976 2216 1067 2246 Tom.
1091 2216 1163 2246 vn.

53 2273 86 2300 p.
116 2271 180 2300 175.
202 2273 233 2295 et
250 2268 300 2297 La
314 2268 467 2307 croix,
487 2270 507 2301 Ι.
523 2271 546 2300 Ι.
566 2271 655 2302 Tom.
677 2272 703 2301 1.
722 2272 751 2309 §-
773 2275 841 2303 218.
863 2281 932 2309 pag.
953 2278 1022 2311 438.
