1483 2860
283 203 322 238 Β·
509 195 1164 242 INTRODUCTIO.

281 319 353 347 -vae
391 307 500 356 sunt,
552 308 713 356 ideoque
755 306 896 344 theoria
939 305 1165 354 tangentium
1205 315 1281 346 non
1321 302 1401 346 ta'n.

285 387 365 418 tum
407 379 453 417 ad
490 386 606 417 rectas
653 377 799 425 linem,
852 388 980 420 verum
1036 375 1143 417 etiam
1187 374 1233 414 ad
1267 385 1400 414 curvas

285 458 398 496 atque
445 449 573 488 eodem
619 447 734 485 modo>
766 447 813 485 ad
863 445 1076 496 superficies
1115 453 1152 483 et
1194 444 1321 492 planas
1365 452 1401 481 et

278 529 418 557 *curvas
451 517 486 557 se
517 517 698 559 extendit,
754 517 952 567 Expofitio
985 518 1101 566 igitur
1126 518 1291 555 theoriae
1322 524 1402 557 tan-

284 587 449 634 gentium
474 587 568 631 redit
589 587 635 632 ad
655 587 764 627 talem
790 587 1055 636 universalem,
1072 587 1401 631 considerationem

283 657 513 706 tangentium
529 684 543 704 ,
573 669 645 706 qua
667 657 901 700 inveniantur
927 658 1072 707 regulae
1102 656 1320 697 universales
1334 667 1403 705 pro

287 726 464 766 omnibus
489 727 727 776 tangentibus
766 729 1028 778 cujuscunque
1061 728 1222 778 generis.
1284 726 1403 766 Usum

286 797 401 848 liujus
427 798 591 842 theoriae
621 799 788 848 intelligo
821 800 997 846 modum,
1045 811 1120 846 quo
1157 800 1224 836 hae
1261 799 1406 846 regulae

285 867 509 906 universales
549 868 781 917 applicantur
816 869 862 906 ad
900 867 1136 906 inveniendas
1176 867 1291 906 lineas
1328 876 1408 908 tan-

289 946 419 985 gentes
449 946 567 982 rectas
592 947 629 976 et
657 950 788 976 curvas
810 949 1006 980 curvarum
1028 937 1203 987 simplicis
1223 946 1259 980 et
1286 937 1410 986 dupli-

286 1007 342 1051 cis
366 1016 583 1054 curvaturae
598 1037 611 1056 ,
640 1019 708 1052 nec
736 1019 813 1047 non
837 1008 1049 1057 superficies
1073 1017 1264 1056 tangentes
1281 1009 1408 1057 planas

276 1087 326 1121 ‚et
349 1090 482 1120 curvas
518 1090 717 1124 curvarum
750 1078 1041 1127 superficierum.
1068 1101 1119 1109 —
1146 1079 1244 1119 Cum
1279 1089 1410 1126 quaes·

287 1145 344 1186 tio
382 1149 473 1193 mihi
499 1149 549 1194 ita
583 1149 619 1187 se
656 1149 790 1192 habere
824 1148 1018 1196 videatur,
1060 1148 1198 1191 hancce
1234 1156 1410 1195 tanquam

282 1218 335 1262 vad
359 1230 495 1266 puram
530 1219 707 1259 mathesin
740 1218 984 1267 pertinentem
1015 1218 1269 1264 consideravi,
1296 1227 1332 1261 et
1357 1217 1413 1255 di-

289 1287 356 1331 vifi
388 1288 427 1332 in
458 1288 549 1331 duas
576 1297 727 1336 partes,
755 1300 911 1336 quarum
946 1288 1065 1336 prima
1089 1288 1133 1325 de
1164 1287 1331 1334 theoria,
1360 1290 1413 1326 al-

291 1368 368 1397 tera
400 1359 445 1396 de
471 1357 538 1397 usu
560 1358 672 1407 hujus
702 1358 865 1395 theoriae
896 1357 995 1406 agit,
1024 1369 1176 1405 eamque
1206 1359 1352 1396 alteram
1373 1357 1413 1400 in

287 1436 451 1476 quatuor
477 1428 622 1476 capita;
653 1439 815 1474 quorum
849 1427 1011 1475 primum
1038 1428 1083 1464 de
1108 1438 1305 1467 curvarum
1331 1425 1414 1464 fim-

289 1498 399 1548 plicis
428 1506 646 1540 curvaturae
681 1497 919 1546 tangentibus
963 1508 1166 1543 earumque
1206 1496 1413 1544 proprieta-

290 1569 419 1616 tibus,
471 1570 627 1610 alterum
667 1569 712 1610 de
750 1579 945 1606 curvarum
988 1567 1150 1614 duplicis
1193 1574 1413 1608 curvaturae

289 1637 528 1687 tangentibus
563 1649 762 1685 ear-umque
802 1637 1125 1686 proprietatibus,
1179 1637 1330 1679 tertium
1366 1638 1412 1678 de

287 1708 562 1759 superficierum
596 1719 793 1750 curvarum
825 1706 1064 1755 tangentibus
1100 1717 1301 1753 earumque
1325 1717 1412 1753 pro-

289 1779 538 1828 prietatibus,
567 1786 603 1816 et
628 1785 801 1825 quartum
834 1777 878 1814 de
903 1788 943 1814 ea
978 1784 1080 1824 parte
1103 1775 1412 1815 considerationis

290 1848 546 1897 tangentium,
600 1859 693 1896 quae
722 1847 836 1895 vulgo
868 1845 1005 1884 dicitur
1036 1843 1177 1893 inversa
1212 1845 1410 1888 methodus

292 1918 538 1967 tangentium.

344 1989 462 2028 Hisce
494 1987 669 2037 praefatis
694 1988 909 2028 accedamus
947 1986 992 2024 ad
1021 1984 1276 2033 quaestionem
1297 1983 1410 2034 ipsam

293 2060 531 2106 tractandam,

759 2163 970 2193 ‘'Q-

1212 2342 1354 2386 PARS
1378 2342 1407 2379 Ι.
