1483 2860
402 234 914 301 Lr'rERARiA.
1180 248 1228 291 ις

92 359 135 386 ac
160 347 374 387 diuturnam
396 346 671 396 perpessionem
684 375 699 395 ,
725 357 773 386 an
806 346 1026 397 fingularem
1065 348 1230 398 pruden-

91 416 206 464 tiam,
232 417 512 467 temperantiam
539 425 575 455 et
596 403 807 456 inufitatem
842 416 1075 468 sapientiam,
1119 420 1227 459 valde

91 485 324 526 dubitamus.
379 486 498 535 Tria,
525 486 643 526 veluti
667 497 868 536 portenta,
897 489 1039 536 patriae
1067 489 1224 530 exitium

88 565 289 606 paratura,
327 556 507 596 videbat:
561 556 813 605 Hispanarum
845 559 1038 608 copiarum
1071 560 1111 609 in
1139 560 1227 600 Bel-

87 627 152 677 gio
179 638 347 676 moram,
398 627 532 665 deinde
578 627 836 676 Hispanorum
879 629 1083 668 Procerum
1122 613 1227 670 sum-

89 709 148 736 ma
177 697 217 736 in
253 697 446 746 republica
485 709 638 737 munera
675 697 877 737 obeuntem
915 710 1126 749 catervam3
1165 701 1225 740 di-

86 779 189 815 ram,
230 767 415 816 denique,
456 780 544 808 cum
581 767 746 818 injuria,
786 770 924 818 caede,
963 757 1224 826 inauditiSunc

87 840 288 878 tormentis
314 837 547 886 ingruentem
584 838 878 887 inquifitionem.
916 827 1221 880 Gulielmus

86 909 203 957 igitur
227 910 287 949 his
313 910 490 952 omnibus
520 909 761 958 obtrectare,
786 910 877 948 haec
902 909 943 948 in
963 910 1091 959 fugam
1112 921 1221 961 agere

84 990 323 1030 summopere
352 988 511 1019 conatus
537 987 595 1017 est
618 979 704 1029 (ι).

135 1049 341 1099 Quatuor,
361 1058 451 1098 post
470 1048 571 1097 regis
595 1048 636 1087 in
659 1049 882 1099 Hispaniam
904 1051 1093 1100 reditum,
1118 1053 1222 1103 elap-

88 1116 137 1157 fis
160 1118 379 1165 menfibus,
410 1118 602 1166 Ordines,
627 1119 664 1157 G
679 1119 885 1159 ulielmo
909 1121 1116 1170 multisque
1137 1122 1221 1168 aliis

81 1185 321 1235 suasoribus,
347 1199 368 1225 a
406 1187 488 1226 Ma
503 1199 558 1236 rg
573 1199 623 1225 ar
639 1187 712 1226 ita
745 1190 990 1237 postularunt
1010 1201 1055 1230 ut
1084 1191 1215 1241 copias

81 1256 272 1306 Hispanas
294 1216 517 1296 dimitteret.
584 1257 714 1296 Fidem
740 1259 893 1298 dederat
922 1259 1002 1309 ipse
1035 1251 1220 1310 phillip-

79 1338 207 1382 pus,
245 1329 413 1366 nondum
450 1336 573 1366 tamen
609 1337 792 1368 tenuerat.
846 1330 1002 1381 Quare,
1029 1331 1098 1370 nifi
1128 1331 1214 1370 Bel-

79 1396 138 1446 gis
165 1397 341 1435 omnibus
367 1395 647 1436 'infestissimus
682 1399 803 1437 videri
840 1401 978 1449 vellet,
1020 1401 1217 1450 promisfis

79 1466 246 1507 standum
281 1476 372 1517 erat.
426 1466 703 1517 Margarita
726 1481 819 1508 vero
842 1470 955 1520 jussis
974 1500 988 1520 ,
1026 1483 1123 1520 quae
1150 1484 1217 1527 oc·

80 1537 186 1576 culto
225 1549 246 1576 a
278 1548 365 1585 rege
401 1547 619 1586 acceperat,
662 1538 924 1588 obtemperans
943 1569 956 1589 ,
999 1541 1210 1597 Ordinibus

81 1609 152 1647 hac
188 1607 227 1646 in
252 1619 292 1646 re
321 1607 479 1656 obsequi
520 1608 681 1657 primum
708 1610 848 1649 noluit.
903 1610 1103 1660 Tandem,
1145 1612 1215 1664 ubi

78 1677 209 1717 nullus
242 1677 338 1716 alius
385 1678 655 1726 percunctandi
708 1679 857 1734 daretur
889 1681 1024 1730 locus,
1075 1682 1214 1723 milites

79 1747 238 1790 Brit-:lam
269 1747 461 1796 proficisci
495 1748 634 1799 jussit,
675 1758 718 1788 ut
752 1750 806 1788 ibi
843 1761 1107 1800 morarentur,
1143 1753 1214 1792 do-

79 1829 150 1862 nec
193 1817 317 1856 clasfis
338 1845 353 1866 ,
399 1830 472 1866 qua
514 1818 555 1856 in
603 1819 822 1868 Hispaniam
855 1807 1213 1872 transveherentur,

81 1898 209 1939 parata
234 1886 342 1927 esset.
385 1888 684 1938 Verumtamen,
712 1902 778 1939 per
802 1891 922 1929 varias
949 1892 1075 1931 causas
1109 1904 1214 1932 exer·-

82 1959 201 2004 citum
249 1971 372 2007 usque
432 1961 478 1999 ad
523 1970 659 1999 annum
712 1959 969 2010 insequentem
1026 1964 1122 2011 1561
1170 1963 1213 2002 in

80 2029 217 2080 [Belgio
241 2030 399 2069 retinuit
415 2032 500 2081 (2).
1145 2075 1148 2077 Α

1121 2091 1212 2154 εζε.

121 2184 176 2220 (ι)
197 2183 272 2214 Vid.
295 2185 397 2214 Lmen
419 2191 498 2215 caet.
522 2185 548 2214 Ι.
566 2191 633 2220 pag.
657 2189 723 2221 189.
745 2184 812 2221 sqq·

123 2237 178 2276 (α)
199 2237 270 2267 vid.
301 2239 448 2276 Hooft,
480 2241 539 2275 Op.
561 2241 586 2269 1.
608 2240 634 2268 1.
661 2247 694 2274 p.
718 2247 767 2275 27·
807 2253 846 2263 -
875 2239 1070 2278 Grotius,
1101 2239 1162 2277 015⁶
1181 2236 1209 2271 1⁴

85 2299 120 2333 p.
145 2300 193 2329 ¹3·
213 2292 314 2328 wag.
344 2294 406 2330 Op.
431 2294 450 2322 1.
472 2293 533 2325 v1.
552 2301 621 2330 pag.
640 2302 690 2329 59·
706 2292 773 2332 sqq.

606 2343 637 2384 B
665 2357 689 2384 2
