1483 2860
386 241 825 294 JURIDICA.
1123 241 1175 290 63

57 350 133 394 eSfe
162 353 373 401 abolitum,
401 351 426 390 fi
461 350 696 390 consulemus
731 348 1049 399 disceptationes,
1076 359 1170 398 quae

56 434 223 474 tompore
276 434 353 470 quo
395 431 467 461 art.
509 425 622 461 2181.
670 421 904 469 redigebatur
923 448 937 467 ‚
989 419 1177 458 institutae

57 495 165 535 funt:
193 494 245 532 ibi
271 494 369 531 enim
405 491 718 541 transscriptionis
746 491 887 529 mentio
910 501 986 529 non
1013 490 1087 537 fit,¹
1108 488 1176 528 nifi

59 565 124 603 ubi
149 565 209 602 lex
235 564 447 602 facultatem
481 563 543 600 dat
569 562 680 600 tertio
704 560 930 611 possessori,
961 559 1079 600 veluti
1103 571 1178 598 em·

60 635 137 673 tori·
160 647 234 673 rem
259 633 484 683 hypothecis
511 633 688 671 liberandi
715 633 799 681 (1).

108 705 252 744 Mirum
279 703 428 742 videtur
461 703 616 742 Codicis
648 709 821 740 auctores
847 709 884 739 et
906 713 927 740 a
948 702 1032 750 iure
1060 701 1178 741 Rom.

59 783 96 814 et
122 775 168 813 ab
193 774 349 822 antiquo
368 775 451 824 jure
476 774 625 812 Gauico
653 771 864 821 recesfisse3
893 771 919 815 fi
944 781 1033 809 vero
1057 771 1185 814 'diver-s

60 844 87 883 fi
121 845 233 894 hujus
269 845 363 894 juris
399 843 540 882 causam
572 854 819 891 quaeramus,
858 854 924 881 eos
954 840 1183 891 permovisse

61 915 155 953 inud
185 914 342 962 systema
376 923 572 963 putarem,
601 914 689 961 quia
712 910 943 951 commerciis
973 908 1094 962 ¹tnagis
1127 911 1184 951 fa-

61 995 149 1022 vere
195 983 371 1031 videtur,
423 985 591 1032 adeoque
629 996 649 1021 e
692 983 797 1022 causa
841 982 969 1021 salutis
1011 982 1184 1031 publicae

63 1054 395 1092 commendandum
432 1063 504 1092 est·
582 1053 828 1092 Contendunt
875 1053 924 1092 fic
967 1061 1193 1092 contractus

61 1121 141 1160 fere
176 1121 317 1170 semper
345 1122 500 1171 perfici,
539 1135 623 1161 cum
657 1132 812 1170 contra,
840 1123 867 1162 fi
896 1123 1044 1162 traditio
1068 1124 1114 1162 ad
1145 1121 1186 1162 id

61 1193 234 1230 accedere
269 1191 427 1239 debeat,
480 1188 691 1241 saepisfime
718 1193 990 1233 conventiones
1027 1192 1185 1233 effectus

63 1259 185 1300 sortiri
219 1269 419 1309 nequeant.
484 1262 599 1300 Nunc
631 1273 720 1300 vero
755 1263 852 1301 nuda
878 1263 1086 1301 voluntatis
1123 1263 1188 1303 de·

61 1331 264 1370 cIaratione
294 1331 524 1381 acquirimus
567 1343 634 1380 per
666 1340 817 1370 nosmet
858 1332 958 1381 ipsos
995 1342 1032 1371 et
1065 1341 1188 1374 trans-

61 1401 216 1441 ferimus
243 1402 281 1440 in
305 1403 399 1441 alios
425 1413 554 1441 omnes
588 1413 645 1440 res
661 1430 673 1449 ‚
703 1414 798 1449 quae
830 1402 1095 1442 conventionis
1120 1405 1189 1443 ob·

59 1474 198 1523 jectum
233 1472 309 1511 esse
352 1473 509 1522 possunt
536 1474 620 1522 (2).
701 1474 798 1512 Illud
837 1485 928 1512 vero
960 1474 1187 1523 principium

65 1542 202 1582 nox-ios
223 1542 377 1582 effectus
399 1542 582 1582 attulisset
605 1543 763 1581 dominii
794 1543 1006 1593 securitati5
1033 1545 1101 1584 nisi
1125 1547 1189 1586 lex

67 1614 192 1661 quoad
208 1613 414 1651 immobilia
439 1614 679 1662 exceptiones
707 1613 882 1661 quasdam
909 1614 1187 1666 proposuisset,

65 1694 162 1730 quae
182 1684 346 1732 regulam
371 1684 477 1722 valde
497 1683 721 1732 limitarent‚
750 1693 787 1722 et
807 1683 875 1722 alia
891 1684 1073 1734 principia
1095 1698 1192 1734 quo·

68 1752 115 1791 ad
143 1753 295 1792 mobilia
321 1753 544 1793 sancivisset.
584 1755 642 1793 De
668 1755 714 1793 iis
737 1756 866 1805 paucis
890 1755 1086 1796 dicendum
1104 1757 1189 1798 erit.

117 1822 243 1862 Primo
272 1824 367 1862 ‘loco
396 1825 457 1862 hic
487 1825 524 1862 in
558 1826 706 1864 censum
745 1827 872 1865 venire
897 1837 1025 1877 potest
1058 1840 1191 1879 excep·

66 1891 124 1931 tio
163 1887 281 1941 quam³
310 1903 382 1933 art.
414 1897 528 1934 2181.
556 1895 683 1934 affertz
713 1907 797 1935 nam
827 1897 913 1936 licet
939 1898 1191 1938 conventione

69 1963 275 2002 dominium
330 1964 374 2003 fit
426 1966 676 2013 translatum,
731 1967 799 2015 qui
844 1980 922 2006 rem
967 1969 1192 2018 acquifivit‚

23 2075 39 2084 ..
72 2044 149 2072 eam
194 2034 420 2083 hypothecis
466 2047 626 2085 purgare
673 2038 835 2086 nequit,
890 2039 956 2078 nifi
1005 2048 1190 2088 quatenus

63 2103 224 2142 titulum
262 2105 520 2153 acquisitionis
559 2107 770 2147 transscribi
802 2109 1001 2148 curaverit.

1126 2180 1191 2218 Se-

110 2255 163 2291 (ι)
183 2257 350 2293 Motifs,
371 2260 459 2288 Tom.
481 2261 552 2290 vll.
574 2260 632 2291 N0.
656 2263 722 2291 106.
742 2270 776 2297 p.
800 2270 865 2300 114.

116 2312 169 2350 u)
191 2313 250 2341 Μο
265 2313 355 2350 tiss,
380 2315 470 2344 Tom.
493 2318 541 2345 vl.
563 2316 624 2347 N0.
647 2327 694 2354 70.
715 2327 747 2354 p.
768 2327 797 2354 ς.
