1560 2860
316 275 371 323 72
672 276 1058 324 ORATIO.

307 433 310 437 ·
374 417 618 458 Caeterum
653 417 792 471 lzujas
818 421 1147 464 dissertationis
1192 428 1423 464 auctorem

311 509 358 536 se
390 493 609 548 probavit

389 644 757 704 Tjallingius
796 647 1005 692 Petrus
1049 648 1353 708 Tresling,

327 721 411 753 Litt.
433 722 529 754 Hum.
551 725 584 753 et
601 724 669 759 Jur.
694 722 768 756 Utr.
791 724 892 757 caud.
913 725 947 754 in
962 725 1134 757 Academia
1156 726 1359 766 Groningana
1377 746 1388 764 ‚
1408 751 1410 754 ,

311 816 495 860 Tertiae
527 832 641 861 vero

497 913 707 958 Petrus
738 927 835 958 van
877 913 973 957 der
1003 914 1247 967 Velden,

533 989 617 1023 Litt.
641 990 738 1020 Hum.
763 989 858 1020 stud.
881 990 914 1020 in
935 989 994 1021 hac
1017 990 1201 1020 Academia.

357 1124 619 1184 Nuncigitur
632 1126 700 1171 Tu
711 1126 816 1171 mihi
836 1126 1049 1170 ornandus
1065 1139 1126 1180 es,
1140 1126 1420 1184 praestantis-⁶

302 1201 405 1247 sime
439 1202 701 1261 Tjallingi
730 1204 887 1248 Petre
909 1203 1256 1261 Tresling!-
1278 1204 1418 1262 Quam

301 1278 492 1324 eximiam
534 1280 701 1325 laudem
752 1281 1093 1325 commentationi
1135 1281 1273 1334 Tuae,
1334 1282 1417 1338 qua

297 1358 767 1400 PatriaeParentem
796 1357 1043 1411 celebrasti,
1071 1357 1212 1402 idonei
1236 1357 1418 1402 maxime

298 1430 470 1476 Judices
496 1433 801 1493 impertierint,
832 1449 977 1479 omnes
1000 1436 1085 1493 jam
1115 1435 1416 1479 intellexerunt.

295 1508 382 1554 Per
405 1508 592 1564 huncce,
624 1512 696 1571 qui
724 1512 824 1557 Tibi
853 1512 1027 1570 obtigit,
1060 1513 1266 1556 honorem
1284 1511 1414 1556 Matri

296 1583 418 1630 Tuae
451 1587 769 1643 dilectissimae,
802 1597 843 1633 et
878 1604 977 1634 vero
1009 1589 1110 1634 Tibi
1138 1596 1300 1646 gratam
1335 1588 1416 1631 ali-

298 1678 425 1719 quam
458 1665 756 1710 consolationis
784 1665 999 1710 materiem
1019 1665 1132 1710 dedit
1155 1665 1285 1709 Deus.
1325 1666 1416 1709 Pa-

295 1746 404 1784 trem
428 1741 537 1786 enim
558 1743 673 1801 luges
700 1743 928 1802 optimum,
943 1742 1251 1786 meritissimum
1266 1773 1278 1794 ,
1295 1756 1415 1785 eum-

297 1830 380 1873 que
398 1815 736 1863 Jureconsultum
766 1818 1093 1863 celeberrimum.
1125 1817 1258 1876 Hujus
1282 1816 1415 1862 vesti-

295 1891 364 1950 gia
392 1893 460 1937 Tu
487 1909 599 1939 nunc
625 1895 889 1940 laudabiliter
915 1903 1080 1940 secutus
1107 1909 1164 1939 es.
1212 1894 1414 1953 Ejusdem

296 1970 550 2030 exemplum,
565 1972 728 2030 reliquo
757 1973 879 2016 etiam
896 1972 1005 2016 vitae
1032 1979 1222 2030 tempore
1235 2003 1248 2025 ,
1272 1971 1333 2014 ita
1348 1971 1413 2015 Te

292 2045 550 2091 imitaturum
574 2063 664 2094 esse
689 2049 956 2102 confidimus,
987 2056 1054 2102 ut,
1085 2063 1162 2107 per
1183 2049 1246 2092 Te
1262 2048 1409 2101 etiam,

295 2123 479 2169 nominis
502 2125 583 2170 Tui
620 2141 669 2171 ac
712 2127 845 2186 gentis
887 2127 997 2171 fama
1029 2125 1163 2184 magis
1196 2125 1412 2184 magisque

289 2200 552 2249 inclarescat.

348 2355 418 2404 ‚Tu
459 2356 582 2402 etiam
617 2371 702 2402 non
744 2358 832 2402 sine
850 2357 1036 2418 {publica
1061 2356 1237 2402 honoris
1265 2354 1415 2400 testifi-

1337 2444 1416 2477 ca·-
