1483 2860
361 174 957 242 THEoLOGicA.
1149 217 1219 252 117

105 326 198 366 pore
235 323 271 352 et
302 314 412 358 loco,
441 310 552 349 solius
578 309 801 348 hierarchiae
838 312 1033 350 commoda
1066 323 1218 359 promo·

107 395 194 424 vere
226 392 339 432 atque
387 382 564 430 Paparum
604 379 795 429 pomoeria
843 381 1039 419 extendere
1080 380 1218 429 specta-

105 453 211 493 bant.

157 520 373 569 Principes,
401 519 467 567 qui
493 517 660 558 socordia
687 528 799 568 atque
822 519 969 568 ignavia
992 519 1058 558 sua
1092 519 1221 559 Hilde-

106 590 238 630 brandi
274 589 532 628 molitionibus
563 589 674 627 nimis
715 588 843 628 faciles
880 590 915 628 se
940 588 1218 638 praestiterant,

106 668 218 708 atque
250 659 318 698 *ita
367 658 604 697 Hierarchiae
640 659 897 707 progresslbUS
942 659 1085 708 egregie
1119 659 1222 698 fave-

106 738 214 777 rant,
241 729 397 768 clericos
422 728 597 777 deinceps
617 728 837 778 restringere
865 729 977 777 longe
1001 729 1124 767 minus
1158 740 1224 768 va·

104 801 268 839 luerunt.
321 798 569 838 Investiturae
599 799 687 848 jus,
715 797 903 847 Gregorio
925 797 1013 837 VII.
1044 807 1222 846 auctore,

106 869 267 920 primum
295 869 528 916 amittentes,
555 867 662 907 brevi
684 877 774 917 post
806 867 924 915 huic,
957 866 1022 916 qui
1050 868 1094 908 8²¹
1124 868 1224 907 Petri

109 937 353 979 successorem
395 936 431 975 se
453 937 644 987 jactabat,
672 945 894 988 potestatem
929 936 1068 986 ligandi
1105 946 1143 977 et
1156 937 1225 977 sol·

109 1008 218 1048 vendi
250 1008 288 1047 in
310 1009 417 1046 coeio
436 1016 472 1046 et
494 1007 533 1045 in
547 1009 647 1046 terra
668 1006 736 1056 ipfi
759 1006 973 1046 tribuerunt
993 1006 1078 1056 (1).

161 1076 371 1125 Gregorius
407 1077 514 1115 etiam
563 1077 742 1116 sacrarum
782 1076 1086 1126 expeditionum,
1130 1086 1225 1124 quae

112 1146 216 1186 brevi
247 1154 336 1195 post
366 1154 502 1186 tantam
527 1146 604 1185 vim
628 1147 868 1194 habuerunt,
906 1155 1057 1185 eatenus
1095 1154 1227 1185 auctor

110 1214 209 1262 fuit,
227 1223 410 1263 quatenus
436 1215 565 1254 harum
581 1214 736 1255 effectus
760 1215 886 1255 animo
901 1215 1145 1266 praevidisse,
1171 1225 1228 1255 at·

110 1297 185 1336 qne
208 1286 301 1325 alios
325 1286 371 1324 de
388 1286 457 1324 hac
481 1297 522 1323 re
545 1287 745 1334 exemplo,
773 1286 878 1334 quod
902 1286 1030 1333 dedit,
1056 1284 1226 1323 monuis-

110 1355 149 1394 se
164 1355 345 1394 “videtutu
398 1355 486 1393 Tali
522 1354 617 1393 enim
643 1340 806 1395 ‘subfidio
843 1355 986 1405 papalis
1020 1355 1223 1394 auctoritas

111 1425 255 1464 interna
287 1423 473 1472 indigebat
488 1452 502 1472 ,
529 1425 637 1475 an'us
659 1425 782 1474 magni
805 1426 978 1465 intererat
1009 1425 1198 1475 principes
1215 1453 1230 1474 ‚

113 1495 155 1534 in
208 1493 361 1533 remotis
416 1493 524 1533 Asiae
569 1494 786 1542 regionibus
835 1495 976 1534 bellum
1028 1504 1224 1545 gerentes,

113 1564 197 1605 suas
252 1574 311 1602 res
362 1562 535 1602 Pontifici
583 1564 755 1603 Romano
811 1566 990 1604 curandas
1043 1565 1229 1614 relinque-

102 1645 180 1682 ·re,
206 1642 243 1671 et
265 1632 364 1681 quasi
391 1633 458 1671 sub
482 1644 528 1670 eo
561 1642 770 1682 merentes,
796 1634 834 1672 in
861 1634 1080 1674 Palestinam
1112 1635 1229 1684 impe-

114 1714 198 1744 turn
223 1702 368 1750 facere,
395 1711 438 1740 ut
465 1704 537 1740 hoc
565 1703 777 1752 Religionis
805 1704 1041 1743 Christianae
1076 1705 1230 1744 incuna-

104 1773 246 1811 ·buium
288 1771 511 1810 hierarchiae
549 1772 822 1814 submitterent.
872 1775 1058 1813 Praeterea
1099 1784 1226 1825 gentes

119 1842 214 1881 miro
245 1842 314 1880 hile
347 1851 463 1880 aetate
508 1841 708 1890 flagrabant
754 1842 875 1881 studio
919 1844 1084 1892 militari,
1124 1846 1228 1894 quod

119 1911 206 1950 item
240 1912 285 1949 ad
314 1912 455 1959 papalis
489 1912 710 1959 despotismi
732 1914 926 1952 commoda
969 1915 1138 1952 converti
1164 1916 1230 1953 de·

121 1981 247 2020 bebat.
299 1981 427 2029 Itaque
464 1981 510 2019 ad
555 1982 829 2030 expeditionem
864 1982 998 2022 sacram
1031 1983 1232 2034 suscipien-

1150 2056 1233 2095 dam

163 2154 220 2194 (ι)
238 2160 326 2195 Quod
363 2167 459 2188 tamen
491 2160 547 2195 jam
583 2163 610 2191 G
622 2163 808 2197 regorius
841 2164 904 2200 ipse
937 2165 987 2194 fibi
1015 2164 1234 2196 vindicaverat.

128 2214 271 2243 Videatur
303 2215 368 2249 ejus
396 2217 544 2253 epistola,
567 2227 642 2254 quac
662 2228 706 2249 est
728 2221 856 2250 secunda
875 2221 946 2251 libri
975 2222 1070 2258 quani
1085 2243 1095 2258 ‚
1118 2224 1239 2260 Epr‘sto·
1264 2226 1267 2230 ”

127 2269 230 2298 larun
249 2271 456 2306 Gregorii.
