1483 2860
320 229 903 295 ALiTERARIQ
977 271 983 281 ,
1155 242 1203 280 η

77 345 148 384 liae
176 343 253 392 regi
276 344 350 393 jam
373 351 497 382 -antea
524 342 662 382 auxilia
704 351 836 380 contra
873 339 1080 379 haereticos
1115 349 1210 391 pro-V

77 413 238 452 miserat.
301 414 430 462 Itaque
465 402 804 462 Margaritam
846 411 907 451 bis
957 411 1058 448 mille
1093 409 1201 456 equi-

74 492 131 523 tes
155 496 200 523 ex
223 484 344 532 copiis
369 482 550 522 ordinatis
582 483 753 533 (Belgice
773 481 913 521 handen
948 494 1023 521 van
1056 472 1211 533 Ordonssv

71 556 224 605 nantia)
253 554 294 593 in
314 554 475 593 Galliam
503 554 651 592 mittere
674 553 800 604 jusfit.

122 623 430 674 Margarita
468 625 514 663 de
556 625 630 662 hoc
669 623 774 673 jussu
813 622 968 662 sollicita
1007 621 1105 670 regis
1152 620 1198 658 li-

63 702 167 751 ¹teras
197 706 283 733 cum
321 694 447 733 senatu
484 694 775 733 communicavit
812 702 925 741 atque
960 704 1048 731 mox
1089 684 1202 729 intel-'

70 765 164 803 lexit
185 794 200 813 ‚
252 765 436 814 plurimos
482 763 626 803 sodales
675 764 773 813 regis
817 765 1008 802 decretum
1056 761 1196 810 impro-

70 834 173 874 bare.
225 836 520 874 Gulielmus
548 846 584 873 et
610 835 913 884 Egmondus
953 841 1037 872 ante
1064 842 1194 870 omnes

69 904 203 942 acriter
237 905 276 942 in
315 904 354 943 id
391 904 663 943 invehebantur
698 913 735 941 et
761 904 859 942 inter
894 903 964 942 alia
997 903 1114 941 multa
1139 890 1204 940 ar-v

69 974 258 1022 guebant,
285 975 395 1012 hasce
421 974 550 1023 copias
567 1003 581 1022 ‚
617 975 662 1013 ad
685 973 843 1024 patriam
881 981 1013 1011 contra
1045 981 1194 1011 exteros
1240 984 1251 988 s

67 1045 256 1091 tuendas,
295 1045 449 1083 minime
483 1057 573 1082 vero
617 1045 663 1083 ad
700 1044 784 1082 aliis
829 1043 1047 1081 civitatibus
1085 1053 1200 1090 opem-

22 1156 24 1158 ,
66 1112 259 1153 ferendum
275 1141 290 1162 ,
339 1114 560 1154 constitutas
603 1122 640 1151 et
689 1115 868 1152 collectas
908 1114 999 1151 esse.
1086 1113 1197 1150 Prae-

67 1190 167 1220 terea
204 1183 334 1232 copias
365 1184 402 1222 in
443 1185 603 1223 Galliam
625 1183 771 1221 mittere
813 1194 890 1220 non
932 1182 998 1220 nifi
1042 1182 1197 1219 consen-

65 1253 249 1292 tientibus
289 1253 499 1292 Ordinibus
539 1253 651 1291 licere
688 1252 900 1292 censebant.
955 1253 1080 1302 Quae¹
1104 1252 1196 1290 Gu-

64 1322 236 1362 lielmi
262 1333 298 1362 et
324 1324 470 1373 Egmo
483 1324 561 1363 ndi
600 1323 779 1362 sententia
811 1325 895 1374 jure
920 1322 1082 1362 civitatis
1110 1322 1195 1360 Bel-

65 1393 150 1442 gico
177 1393 421 1432 innitebatur.
474 1395 572 1433 Nam
601 1379 802 1432 secundum
831 1394 1067 1444 privilegium
1095 1405 1196 1442 mag-

66 1474 156 1502 num
177 1464 222 1502 M
235 1464 304 1501 ari
318 1476 338 1501 a
353 1476 372 1501 e
386 1492 398 1510 ‚
416 1465 534 1502 Ducis
550 1464 788 1513 Burgundiae
801 1493 814 1512 ‚
843 1477 921 1513 quo
935 1467 1051 1503 multa
1065 1478 1192 1515 ‚aquae

66 1535 216 1572 comitis
243 1545 328 1572 cum
341 1537 491 1583 populo
506 1535 571 1572 Bel
578 1535 663 1583 gico
689 1535 967 1574 intercedebant
977 1536 1060 1585 jura
1073 1565 1085 1584 ,
1099 1547 1191 1574 con-

66 1605 208 1643 firmata
241 1603 353 1652 sunt,
389 1604 593 1643 comitibus
622 1616 708 1657 culm
737 1605 873 1643 exteris
898 1606 1036 1643 bellum
1065 1620 1192 1656 gerere

64 1686 143 1714 non
156 1675 290 1713 licebat
306 1703 319 1722 ,
343 1674 410 1713 nifi
439 1675 601 1714 Ordines
624 1676 693 1714 hac
714 1676 753 1713 in
780 1688 819 1713 re
832 1675 1082 1714 consentirent
1105 1678 1188 1725 (1).

64 1746 169 1784 Gul
186 1745 367 1783 ielmus
414 1745 511 1784 enim
560 1746 679 1794 probe
717 1755 873 1784 noverat
891 1775 904 1792 ‚
964 1747 990 1784 fi
1026 1747 1190 1786 Ordines

62 1825 361 1854 convocarentur
377 1844 391 1863 ,
408 1815 445 1853 se
469 1825 612 1854 tantum
639 1819 739 1865 apud
754 1829 818 1854 eos
834 1816 941 1854 facile
956 1818 1157 1856 valiturum
1172 1847 1186 1866 ,

67 1894 112 1925 ut
141 1894 260 1924 totam
297 1897 373 1924 rem
401 1886 647 1936 impedirent.
699 1887 869 1935 Tandem
900 1899 960 1925 res
989 1899 1033 1926 eo
1059 1900 1192 1937 perve-

1105 1961 1191 2010 nit,

102 2100 159 2137 (ι)
178 2098 333 2129 Mariae
368 2095 463 2127 Ducis
492 2097 684 2132 Burgundiae
716 2095 918 2132 privilegium
948 2097 1060 2132 legitur
1093 2099 1188 2126 Groot

68 2156 249 2188 Placcaeatb.
268 2154 309 2184 11.
332 2154 398 2182 Fol.
419 2155 489 2187 658.
520 2152 651 2188 ejusque
680 2151 792 2180 summa
825 2151 961 2180 traditur.
993 2153 1094 2180 Levon
1127 2160 1187 2181 cet.

69 2210 111 2240 Π.
135 2209 253 2238 inti-od.
274 2216 342 2244 pag.
372 2218 419 2239 20·
439 2207 570 2237 Confer.
592 2208 651 2237 Fr.
673 2213 749 2237 van
771 2205 945 2242 Mieris,
966 2206 1110 2235 Historia
1132 2207 1188 2235 der

66 2262 200 2294 mam.
221 2263 351 2292 Vormn
370 2270 447 2293 caet.
470 2264 493 2293 's
507 2252 724 2301 Gravehhage,
754 2269 782 2291 a.
802 2270 888 2298 1732.
914 2269 983 2298 pag.
1006 2263 1072 2292 188.
