1560 2860
327 269 386 315 50
682 264 1068 314 ORATIO.

326 416 375 454 ut
409 409 454 454 in
495 408 699 454 acerrimo
739 406 862 451 etiam
879 437 891 460 ‚
950 419 1035 462 quo
1067 403 1260 464 proxima
1298 403 1430 449 hiems

326 486 598 539 cernebatur,
628 485 810 542 frigore,
841 482 1027 527 caldario
1062 481 1120 525 illi
1153 481 1443 525 calefaciendo

323 564 574 609 sufficerent.
665 562 762 619 Quo
803 561 957 604 factum
997 566 1082 612 est,
1124 565 1192 612 ut,
1229 572 1307 617 per
1340 558 1434 616 gelu

325 640 566 693 saevitiam,
598 637 832 683 detrimenti
863 637 965 680 nihil
995 637 1162 696 plantae
1190 643 1402 694 caperent.

379 716 629 762 Museum
660 714 1033 772 Zoologicum
1080 713 1272 772 pluribus
1311 713 1434 756 locu-

322 793 525 852 pletatum
560 799 622 837 est
657 791 804 846 donis;
844 791 888 834 in
928 790 1079 847 quibus
1119 789 1162 832 id
1202 789 1432 848 praecipuo

322 870 449 914 nobis
492 870 588 914 loco
630 867 882 913 laudandum
924 874 1009 920 est,
1047 879 1128 925 pro
1165 880 1275 922 quo,
1315 865 1436 909 sicuti

323 961 406 1007 par
430 954 543 999 erat,
572 942 852 989 illustrissimo
881 942 1128 1000 Capellio
1155 941 1310 998 gratias
1341 941 1437 998 egi-

322 1038 431 1068 mus.
494 1021 797 1066 Continebatur
821 1017 930 1062 enim
951 1020 1252 1074 septuaginta
1275 1020 1437 1062 avibus·

322 1102 536 1152 Indici-9,-
573 1098 618 1141 in
652 1111 828 1155 quarum
854 1109 1029 1139 numero
1059 1109 1132 1139 eae
1160 1102 1305 1148 erant,
1337 1095 1437 1152 qui-

290 1178 406 1221 *bus
426 1176 564 1220 adhuc
589 1173 889 1225 caruissemus,
921 1186 1110 1228 quaeque
1124 1171 1437 1230 pulchritudine

326 1256 404 1300 sua
430 1267 481 1297 ac
504 1251 675 1296 raritate
705 1249 1110 1294 commendarentur.
1142 1271 1194 1280 —-
1236 1247 1324 1292 Sed
1355 1249 1436 1292 alia

327 1345 517 1389 quoque,
545 1329 590 1372 in
620 1328 766 1372 eodem
801 1340 969 1384 genere,
999 1325 1072 1368 hic
1097 1338 1437 1368 commemoran-

325 1409 381 1452 da
407 1407 638 1461 habemus3
681 1411 770 1448 tum
802 1403 886 1446 duo
913 1400 1166 1460 exemplaria
1190 1403 1436 1444 Plataceae

323 1486 632 1531 leucorodiae‚
661 1488 748 1524 tum
762 1482 1040 1522 Diomedeae
1063 1480 1316 1520 exsulantis
1337 1478 1437 1536 pul-

323 1562 472 1606 chrum
498 1558 724 1617 exemplar.
755 1560 893 1599 Illud
920 1569 1068 1598 munus
1104 1553 1437 1613 Swelleng-

322 1636 593 1688 rebelio,
639 1632 891 1679 Academiae
924 1631 1119 1676 Curatori
1153 1624 1435 1691 amplissimo,

324 1714 410 1759 hoc
456 1710 821 1757 Schroedero
853 1723 954 1752 van
984 1709 1081 1752 der
1112 1708 1280 1761 Kolk,
1325 1710 1437 1752 Pro-

324 1789 474 1835 fessori
498 1787 755 1838 clarissimo,
772 1785 829 1828 ita
852 1792 1070 1843 acceptum
1094 1785 1223 1828 refert
1247 1793 1435 1830 nostrum

325 1867 611 1912 doctrinarum
635 1862 899 1915 sacrarium,
933 1869 976 1905 ut
998 1861 1164 1918 utrique
1191 1862 1291 1906 Viro
1311 1877 1437 1921 egre-

324 1943 395 2002 gio
430 1942 528 1987 novi
565 1940 692 1984 officii
725 1940 886 1983 vinculo
929 1954 1020 1984 sese
1051 1939 1298 1984 obstrictum
1335 1955 1437 1985 sen-

324 2021 415 2066 tiat.
448 2042 499 2051 —
531 2018 723 2062 Tandem
752 2016 924 2060 aliarum
954 2017 1220 2060 emendarum
1246 2026 1439 2073 septua-

324 2101 462 2156 ginta
492 2098 673 2146 avium,
703 2094 747 2136 in
781 2093 933 2150 quibus
967 2100 1007 2136 et
1038 2093 1140 2151 ipsis
1177 2094 1317 2152 plures
1349 2094 1437 2138 -no-

325 2189 402 2219 vae
433 2179 552 2216 erant
588 2185 815 2226 raraeque,
848 2169 1177 2213 commodiorem
1200 2170 1321 2214 nobis
1350 2185 1436 2232 op·

324 2247 650 2310 portunitatem‚
705 2247 779 2288 sua
821 2244 1142 2297 intercessione,
1194 2248 1435 2305 procuravit

328 2324 556 2374 Davides
587 2323 776 2368 Boelen
808 2321 1172 2376 Schuurman,
1204 2323 1278 2367 Vir
1306 2339 1435 2382 spec-

442 2410 444 2415 '
1367 2409 1436 2445 ta..
