1483 2860
464 234 532 264 ne
584 220 886 267 ACETO.
1188 229 1242 280 63

135 329 595 377 minandam'necessaria‚
621 329 820 370 habebant.
873 330 1127 383 Quantitatem
1162 333 1253 374 sub·

139 402 288 441 stantiae
314 402 532 439 combustae
569 399 848 449 cognoscebant
863 428 878 449 ‚
903 409 984 440 tum
1007 413 1044 442 et
1070 412 1252 453 quantum

137 471 312 521 oxygenii
336 470 584 519 requireretur
611 469 659 508 ad
693 470 793 508 illam
821 468 862 508 in
885 480 1019 519 aquam
1045 480 1082 510 et
1105 475 1251 516 acidum

139 543 378 581 carbonicum
420 539 776 588 transformandam‚
815 540 890 579 hoc
926 540 1024 580 enim
1058 552 1252 594 computa.

142 612 232 650 bant
256 623 276 650 e
300 610 509 650 differentia
545 611 641 649 inter
672 610 899 667 oxygenium
932 610 973 649 in
997 610 1162 651 chlorate
1181 624 1253 663 po-

140 681 254 720 tassae
290 689 328 719 et
362 681 401 718 in
425 680 572 729 gafibus
606 688 839 720 contentum.
894 679 1063 721 Tandem
1090 692 1254 732 cognos-

138 751 273 790 cebant
303 759 482 799 quantum
528 750 623 789 acidi
660 750 850 789 carbonici
891 750 984 790 esset
1020 751 1249 803 formatum,

139 831 177 860 et
211 822 357 860 calculo
397 819 646 859 conficiebant
679 822 857 860 volumen
897 832 1014 870 aquae
1043 809 1250 873 formatae,

135 903 158 930 e
190 891 357 939 pondere
383 901 517 939 nempe
548 890 725 939 oxygenii
752 899 789 929 et
816 890 910 930 acidi
935 891 1127 932 carbonici
1162 905 1254 933 evo-

136 961 208 999 luti
241 960 427 1009 cognsto,
452 959 656 999 substracto
685 972 707 999 a
734 960 928 1009 primitivo
964 962 1130 1012 pondere
1166 962 1254 1003 sub-

135 1030 285 1070 stantiae
317 1030 454 1080 analyfi
489 1029 689 1080 subJ'ectae.
740 1031 828 1069 Hoc
865 1030 978 1070 modo
1007 1033 1251 1081 procedentes

134 1101 244 1151 Gay
274 1101 448 1140 Lusac
477 1108 515 1139 et
548 1100 794 1140 Thenard
822 1100 1046 1142 invenerunt
1073 1113 1146 1142 100
1165 1113 1250 1153 par-

134 1181 192 1212 tes
234 1171 330 1212 acidi
354 1171 486 1211 acetici
516 1170 593 1211 esse
624 1171 848 1222 compofitas
875 1182 942 1211 ex:

783 1241 991 1282 Carbonici
1058 1253 1216 1295 50,224.

783 1311 974 1362 Oxygenii
1054 1325 1216 1364 442147·

780 1380 1018 1432 Hydrogenii
1079 1387 1214 1434 5629.
1252 1420 1254 1422 ,

1031 1438 1245 1454 ——--

1033 1466 1216 1503 100‚000.

616 1521 690 1559 Vel
710 1532 770 1561 ex.
801 1522 1007 1563 Carbonici
1058 1534 1217 1575 50,224.

153 1591 328 1642 Hydrog.
353 1599 390 1629 et
412 1589 540 1640 Oxyg.
565 1589 603 1629 in
620 1591 867 1640 proportione
885 1603 1004 1641 aquae
1052 1595 1216 1643 46,911.

592 1659 726 1711 Oxyg.
753 1659 1006 1712 Superpondii
1081 1663 1215 1712 2‚865.

1006 1716 1228 1735 ———-

1031 1745 1219 1782 100,000..

125 1802 193 1842 cl.
231 1799 516 1840 Berzelius
549 1808 671 1839 autem
706 1800 900 1851 sequentes
930 1802 1163 1855 objectiones
1198 1805 1242 1848 in

124 1873 220 1912 hanc
252 1870 415 1920 analyfin
441 1870 601 1920 protulit
629 1871 689 1920 1).

130 1947 133 1951 ’
178 1954 215 1982 1.
243 1942 359 1992 Quod
383 1950 606 1991 apparatuS,
641 1952 719 1991 quo
744 1941 948 1982 utebantur
977 1943 1051 1983 viri
1083 1945 1146 1986 Cl.
1172 1944 1240 1986 ha-

126 2012 212 2051 beat
248 2011 515 2060 epistomium,
549 2023 616 2061 per
659 2013 761 2060 quod
794 2013 945 2062 pillulae
982 2014 1137 2055 transire
1174 2015 1240 2056 de-

124 2082 241 2139 bent,
267 2082 369 2129 quod
393 2090 436 2120 ut
458 2082 564 2121 suum
600 2082 754 2133 praestet
787 2084 949 2125 officium
964 2113 979 2134 ,
1003 2086 1111 2136 adipe
1142 2087 1238 2128 bene

126 2151 304 2194 illinitum
345 2150 422 2191 esse
459 2151 592 2201 debet,
624 2158 738 2203 atq'ue
770 2154 886 2205 igitur
916 2154 982 2195 vix
1010 2156 1117 2198 aliter
1155 2158 1239 2198 fieri

1141 2241 1235 2284 pos-

165 2303 201 2340 ι)
222 2303 357 2334 Annales
376 2303 414 2333 de
436 2302 575 2342 chimie,
596 2304 686 2337 Tom.
706 2305 816 2338 XCIV.
836 2315 905 2345 pag.
925 2315 943 2344 7
962 2308 1027 2349 seq.
