1483 2860
197 198 250 248 64
419 190 1084 235 COMMENTATIO

193 301 336 353 possit,
361 300 454 350 quin
479 306 618 350 partem
643 298 764 348 adipis
794 301 978 341 assumant
1004 304 1184 354 pillulae,
1210 319 1320 356 quae*

193 384 279 411 curn
309 371 383 411 illis
419 369 668 417 decomposita
689 369 736 406 ad
755 378 899 409 certum
925 383 1047 420 usque
1065 374 1220 422 gradum
1243 389 1307 418 ex-

191 441 388 492 perimenti
422 447 596 479 eventum
625 438 808 478 incertum
844 440 979 481 reddit.
1314 481 1318 486 Δ

241 524 282 552 2.
309 510 426 561 Quod
459 507 608 547 neeesse
629 507 699 556 fit,
732 508 950 548 substantias
976 510 1017 549 in
1041 512 1191 561 pillulas
1212 515 1311 554 redi-
1358 506 1363 512 ’

190 584 327 634 gendas
357 581 593 626 humectare,
620 578 720 618 unde
749 578 865 627 igitur
890 579 959 619 vix
985 591 1110 622 exacte
1134 584 1180 623 ad
1205 584 1306 625 illam

189 654 385 694 siccitatem
408 649 535 689 reduci
562 647 745 697 possunt,
769 660 847 696 qua
875 657 980 687 antea
1006 651 1230 698 gaudebant.

241 735 280 774 3.
320 721 439 772 Quod
484 720 726 768 quantitatem
774 718 999 767 hydrogenii
1041 721 1308 762 determinave-

188 795 264 835 rint
296 805 362 844 per
386 792 565 842 jacturam
580 818 593 837 ,
621 801 716 838 qnae
746 790 888 837 semper
914 790 1043 838 paullo
1077 791 1195 840 major
1228 792 1306 830 esse

187 865 300 904 debet
314 891 329 911 ‚
356 873 467 910 quam
491 859 678 909 quantitas
705 870 824 907 aquae
843 858 1022 897 formatae
1038 887 1052 907 ,
1079 868 1193 908 atque
1216 871 1307 901 cum

187 935 366 991 volumen
392 930 615 982 hydrogenii
642 929 748 978 parvi
778 929 824 968 fit
848 930 1024 979 ponderis
1056 941 1102 968 ex
1137 929 1224 969 inde
1254 930 1311 969 se-

190 1004 320 1054 quitur
355 1014 472 1052 parvo
501 1001 542 1039 in
576 1000 829 1049 experimento
863 1011 987 1038 errore
1015 1001 1122 1050 plura
1146 1001 1312 1040 volumi-

187 1085 237 1113 na
273 1071 496 1123 hydrogenii
517 1070 631 1110 nimia
662 1069 900 1119 computari,
939 1082 1051 1118 quam
1085 1081 1212 1110 revera
1245 1072 1311 1110 ad-

187 1145 300 1193 sunt,
327 1144 433 1194 quod
456 1143 565 1182 etiam
585 1140 767 1191 oxygenii
792 1149 829 1180 et
846 1140 1038 1179 carbonici
1060 1140 1307 1189 quantitatem

189 1223 323 1253 mutat.
369 1229 371 1232 ⁴
466 1216 469 1217 ’

236 1284 385 1325 Deinde
407 1294 498 1322 vero
521 1282 644 1322 01.ss
659 1293 745 1320 erz
762 1282 903 1318 elius
927 1281 1088 1329 analyfin
1108 1281 1202 1320 acidi
1224 1293 1308 1320 ace-

188 1355 254 1394 tici
277 1352 356 1403 ipse
376 1351 546 1401 sequenti
571 1351 715 1390 ratione
738 1347 969 1386 instituebat.

236 1425 434 1464 Acetatem
460 1420 606 1469 plumbi
631 1418 756 1456 sumsit
784 1426 821 1455 et
854 1416 1004 1464 quidem
1029 1395 1169 1464 partem
1193 1427 1306 1456 unam

188 1495 235 1533 in
267 1495 460 1544 pulverem
493 1491 674 1528 redactam
700 1487 741 1526 in
765 1497 886 1531 vacuo
911 1497 996 1523 cum
1025 1485 1129 1523 acido
1154 1484 1309 1534 sulphu-

189 1566 269 1604 rico
300 1574 368 1612 per
391 1563 441 1610 48
477 1560 588 1598 horas
621 1557 787 1595 relictam
814 1557 878 1606 (ut
902 1554 948 1593 ab
973 1554 1076 1592 omni
1097 1567 1192 1604 aqua
1214 1555 1308 1594 libe-

190 1633 380 1682 raretur);
409 1630 550 1670 addidit
578 1639 601 1677 5
627 1629 688 1667 vel
713 1627 738 1665 6
761 1635 885 1675 partes
922 1625 1100 1664 chloratis
1138 1625 1308 1674 potassae

191 1694 231 1746 et
265 1715 315 1755 50
350 1692 411 1743 xiel
449 1703 497 1740 60
528 1709 652 1750 partes
686 1697 889 1737 chlorureti
921 1696 1029 1736 sodii.
1085 1696 1191 1734 Hanc
1219 1696 1310 1734 mis-

192 1779 308 1818 celam
346 1775 433 1814 dein
466 1773 506 1810 in
528 1781 699 1820 congruo
738 1777 946 1818 apparatu,
982 1775 1228 1815 temperatura
1253 1767 1310 1821 ‚ad

193 1847 379 1888 miscelam
417 1842 756 1891 decomponendam
802 1837 1078 1885 conveniente,
1115 1836 1315 1875 combure·

193 1919 270 1956 bat.
329 1915 410 1967 Jarn
445 1912 661 1962 acquirebat
697 1921 853 1958 aquam,
904 1920 969 1957 gas
999 1906 1141 1945 acidum
1178 1907 1314 1946 carbo·

193 1989 349 2036 uicum,
406 1997 469 2036 gas
517 1981 742 2033 oxygenium
758 2008 772 2030 ‚
817 1979 1141 2017 subchloruretum
1188 1977 1313 2025 plum-

195 2060 262 2107 bi,
298 2056 603 2096 subcarbonatem
640 2052 762 2091 sodae.
817 2048 913 2088 Gasa
943 2047 1052 2097 supra
1088 2045 1311 2104 mercurium

196 2129 428 2178 recipiebat3
481 2136 578 2173 aqua
619 2123 658 2161 in
700 2120 900 2170 recipiente
942 2120 1159 2158 chlorureto
1205 2115 1311 2156 calcii

197 2201 351 2249 impleto
385 2194 652 2242 condensatur3
680 2193 932 2230 chloruretum
964 2187 1114 2239 potasfii
1137 2187 1310 2226 subchlo-

199 2278 363 2309 ruretum
390 2265 559 2317 plumbi,
588 2275 668 2306 tum
693 2272 730 2302 et
752 2262 999 2303 subcarbonas
1025 2259 1131 2299 sodae
1154 2255 1310 2298 intubo

1232 2338 1306 2366 rna·
