1483 2860
368 247 881 295 LITERARIA.
1103 265 1174 297 111

62 357 232 413 salaniam
260 357 440 409 impetum
463 357 585 398 facere
615 368 653 399 et
674 360 915 400 Daventriam
938 372 1024 401 cum
1049 363 1185 413 primis

64 437 283 477 oppugnare
318 428 512 468 constituit
549 429 635 480 (1).
699 431 841 470 Verum
873 433 1068 473 conamina
1101 435 1185 485 ejus

64 508 152 538 eum
185 499 269 538 aliis
292 497 447 549 caufis,
494 507 577 540 tum
612 508 832 552 tempestate
864 501 1014 542 adversa
1027 531 1042 553 ,
1079 503 1187 546 irrita

67 578 173 608 etant
207 569 362 608 reddita.

118 639 286 678 Tandem
301 666 316 687 ‚
343 638 432 689 ipfis
456 634 633 680 Kalendis
661 641 892 692 Aprilibus,
919 642 1019 683 Brila
1047 652 1186 694 capta,

67 708 188 760 prima
220 709 402 749 libertatis
437 711 502 749 lux
527 710 653 758 Belgis
679 710 830 751 suborta
859 720 931 752 est.
985 713 1191 753 Guliel-

66 790 177 818 mus
225 790 346 829 nuper
386 779 658 819 Lumaeum
697 782 768 832 (2)
811 781 918 821 classi
963 779 1192 832 piaefecerat

69 848 205 901 eique,
234 849 291 888 uti
311 851 388 900 jam
409 859 514 890 antea
539 850 887 901 Lumbresio,
914 852 942 893 fi
965 865 1077 901 quam
1099 864 1193 903 pos-

72 916 153 968 set,
212 920 343 960 urbem
391 920 610 960 maritimam
646 931 794 970 caperet
831 922 1034 964 mandavit.
1100 924 1195 962 Lu-

72 1001 177 1029 mae
190 1001 246 1029 us
273 1002 359 1030 cum
387 990 501 1030 classe
530 991 570 1031 in
599 992 737 1042 Anglia
755 993 983 1034 morabatur.
1039 993 1116 1033 Sed
1137 993 1196 1032 in-

71 1061 119 1100 de
150 1061 321 1100 recedere
349 1074 371 1101 a
398 1062 544 1112 Regina
567 1071 749 1111 coactus,
774 1063 938 1112 primum
977 1063 1016 1102 in
1043 1064 1197 1105 Frifiam

73 1131 157 1170 vela
205 1130 321 1171 dedit.
381 1132 524 1170 Verum
551 1141 668 1172 vento
701 1134 912 1172 adversante
947 1135 994 1173 ad
1028 1135 1197 1175 Vomam

75 1199 230 1240 insulam
268 1201 417 1250 appulit
442 1210 479 1240 et
499 1211 653 1252 repente
681 1202 801 1241 Brilae
825 1205 1091 1252 expugnandae
1106 1214 1200 1243 con·

75 1269 197 1310 filium
229 1271 344 1320 cepit.
397 1271 540 1322 Quod,
578 1272 731 1311 fortuna
756 1273 913 1312 secunda
930 1301 945 1322 ,
983 1274 1076 1313 mira
1103 1276 1199 1314 cele·

76 1340 184 1380 litate
222 1350 260 1379 et
286 1341 439 1380 audacia
471 1340 629 1391 perfecit
662 1342 748 1393 (3).

131 1412 263 1462 Quum
302 1411 608 1452 Gulielmus
646 1413 759 1463 hujus
803 1412 1096 1462 expugnationis
1121 1423 1202 1454 cer-

78 1482 156 1521 tior
188 1482 285 1522 esset
307 1480 429 1521 faetus
446 1509 461 1531 ‚
488 1494 712 1532 quamquam
745 1484 791 1522 ad
823 1483 964 1522 bellum
997 1484 1202 1532 gerendum

80 1553 249 1592 nondum
293 1561 444 1602 paratus
475 1561 575 1600 erat,
622 1555 843 1593 Lumaeo
890 1563 1012 1593 tamen
1059 1554 1204 1594 auxilia

82 1623 205 1672 mifit,
234 1631 280 1662 ut
308 1621 440 1661 urbem
465 1631 612 1672 captam
650 1631 774 1662 tenere
798 1623 963 1672 aliasque
984 1635 1205 1674 oppugnare

81 1693 226 1744 posset.
277 1693 416 1744 Neque
440 1705 500 1733 res
522 1692 662 1734 effectu
683 1693 819 1734 caruit.
870 1693 978 1734 Aliae
1009 1693 1121 1734 urbes
1146 1693 1205 1734 in-

1147 1772 1206 1804 tel·

127 1868 182 1908 (ι)
201 1870 276 1901 vid.
306 1871 400 1907 Bor,
429 1872 495 1901 1.1.
536 1884 576 1896 -
613 1872 699 1902 Van
733 1871 946 1908 Meter-en,
975 1872 1036 1909 op·
1072 1871 1098 1901 1.
1134 1877 1205 1907 pag.

86 1933 156 1963 ⁵31·
178 1941 223 1951 —-
237 1927 340 1957 Leven
361 1934 424 1958 cet.
443 1927 483 1958 ΙΙ.
504 1935 536 1964 p.
559 1930 626 1963 183·

126 1984 183 2023 (α)
203 1984 384 2022 willein,
408 1986 533 2016 Graave
555 1992 632 2016 van
651 1985 725 2015 der
743 1985 879 2023 Mai-k,
907 1986 1009 2015 Heere
1035 1992 1110 2015 van
1139 1987 1208 2016 Lu-

88 2039 180 2071 mei.

130 2097 186 2137 (8)
207 2098 283 2129 Vid.
303 2097 360 2128 De
377 2098 539 2136 Tanis,
560 2100 620 2137 op.
636 2101 660 2130 1.
682 2108 749 2138 pag.
772 2108 841 2139 147,
860 2100 908 2137 sq.
931 2112 970 2124 --
991 2101 1088 2137 Bor,
1110 2099 1206 2136 op.1.

89 2155 163 2186 Lib.
183 2158 222 2186 V.
244 2156 303 2186 fol.
329 2157 399 2191 265.
420 2156 466 2192 sq.
497 2171 536 2180 -
561 2157 712 2196 Hooft,
752 2159 811 2196 Op.
835 2159 866 2189 1.
890 2166 959 2195 pag.
985 2162 1052 2190 228.
1079 2158 1147 2196 sqq.
1169 2171 1208 2181 —

88 2211 386 2250 Bentivogiio‚
423 2214 484 2251 Op.
505 2215 529 2243 1.
564 2223 736 2252 pag-⁷123.
767 2231 816 2246 .-
845 2216 1070 2252 Dinothus,
1097 2217 1157 2252 Op.
1181 2216 1205 2246 l.

92 2277 160 2304 pag.
184 2278 235 2304 105
270 2284 308 2293 --
324 2271 409 2301 Van
433 2271 645 2308 Metereu,
665 2273 771 2310 Op.1.
786 2274 858 2304 Vol.
875 2271 915 2304 11,
930 2280 999 2311 pag.
1017 2281 1066 2304 22.
1082 2273 1148 2310 sqq.
1162 2280 1210 2294 ⁴·-

94 2328 197 2363 wag.
220 2327 279 2364 Op.
299 2327 321 2359 1.
340 2328 397 2359 vl.
418 2335 488 2365 pag.
511 2334 576 2364 141.
