1560 2860
429 269 819 316 ORATIO.
1119 270 1174 313 61

69 410 296 455 tatissimus
309 428 320 466 ;
354 425 479 468 quam
513 410 600 468 ejus
638 409 937 453 humanitatem
968 407 1041 462 iis,
1079 408 1178 465 qui-

70 488 151 532 bus
179 488 384 532 humanos
426 487 571 540 decet,
622 485 769 530 animis
795 485 1048 544 accepimus.

129 563 569 608 Laboratorium
621 562 961 615 Chemicum‚
1018 560 1181 605 instru-

73 641 223 686 mentis
244 640 310 684 'ad‘
323 642 382 683 M
385 641 704 683 icroclzemiam
717 670 728 691 ,
745 652 852 695 quae
873 637 1047 691 dicitur,
1077 651 1183 696 per-

73 718 298 762 tinentibus
336 724 523 769 auctum,
555 715 771 759 doctrinae
809 713 1079 758 illustrandae
1114 719 1184 758 at-

75 809 157 852 que
185 793 501 853 amplificandae
527 792 605 836 rite
630 790 831 836 inservire
855 790 1008 850 pergit.

131 871 381 916 Museum
411 869 534 914 etiam
566 866 1043 925 Mineralogicum
1083 879 1185 925 spe-

77 945 297 991 ciminibus
311 978 322 999 ‚
363 945 556 1004 inprimis
582 947 891 1002 geognosticis
921 942 1188 1002 quampluri-

78 1023 182 1075 mis,
214 1023 347 1066 hocce
378 1035 513 1074 anno,
545 1028 712 1065 auctum
739 1028 814 1065 est.

135 1100 186 1144 In
228 1097 574 1142 Nosocomio
630 1097 801 1141 tandem
853 1095 1188 1141 academico

79 1174 313 1222 Medicinae
351 1173 551 1227 alumnis,
593 1173 665 1230 qui
692 1173 747 1217 ad
777 1173 1058 1218 institutiones
1089 1175 1192 1217 Cli-

79 1257 207 1297 nicas
236 1251 514 1305 accedebant,
545 1251 760 1295 fructuosa
788 1264 988 1295 concessa
1018 1257 1080 1295 est
1105 1264 1193 1310 op-

81 1329 318 1388 portunitas
348 1342 442 1373 cum
470 1328 689 1387 puerperis
715 1327 973 1388 opitulandi,
1001 1334 1089 1371 tum
1116 1342 1195 1372 ve-

82 1419 134 1450 ro
177 1406 362 1463 quotidie
403 1419 551 1463 aegros
593 1406 776 1460 visendi,
822 1406 982 1450 morbis
1013 1405 1196 1452 externis

84 1490 156 1528 aut
188 1483 361 1527 internis
395 1483 656 1537 laborantes,
697 1483 782 1528 sive
817 1483 900 1527 illic
935 1482 1196 1528 decumben-

85 1566 175 1615 tes,
206 1575 279 1605 seu
306 1560 470 1605 aliunde
501 1561 661 1605 allatos.

118 1714 260 1759 ‘Haec
293 1714 446 1773 igitur,
489 1713 733 1758 Auditores!
778 1712 901 1758 nobis
933 1713 1198 1759 recordanda

90 1793 208 1837 erant
234 1793 342 1836 laeta
368 1791 620 1836 Academiae
651 1792 752 1836 fata.
822 1789 908 1835 Sed
932 1791 1016 1848 jam
1046 1790 1199 1836 diutius

88 1885 156 1914 me
194 1869 390 1914 cohibere
423 1883 509 1913 non
545 1883 741 1928 possum,
773 1868 874 1925 quin
915 1867 1071 1925 aliquid
1106 1882 1201 1913 me-

91 1962 276 2001 morem,
309 1947 427 2004 quod
453 1947 584 1991 hacce
608 1946 716 1990 hora
749 1960 814 1990 me
846 1946 984 2005 ipsum
1014 1945 1202 1990 incredi-

40 2044 46 2052 ·
91 2025 164 2068 bili
198 2024 355 2069 laetitia
402 2023 636 2082 perfundit!
711 2023 774 2067 Te
805 2022 914 2067 enim
946 2021 1202 2081 necopinans

94 2108 354 2158 praesentem
384 2101 455 2145 hic
484 2100 701 2159 adspicio,
734 2099 982 2145 Clarissi
1012 2099 1202 2145 celeber-

94 2178 222 2222 rime!
297 2180 385 2232 Te,
417 2178 489 2236 qui
521 2178 674 2222 Divino
708 2177 913 2222 beneficio
944 2177 1202 2236 Praeceptor

94 2253 200 2300 mihi
214 2255 421 2313 obtigisti!
440 2279 489 2286 —
506 2255 553 2300 Si
568 2255 668 2312 quid
694 2255 738 2298 in
759 2253 1034 2313 Philosophia
1061 2254 1203 2308 valeo,

91 2331 134 2376 si
166 2331 268 2388 quid
300 2331 344 2375 in
376 2331 630 2391 Theologi53
674 2332 710 2378 si
753 2332 836 2389 qua
878 2321 986 2393 sum*
1013 2330 1202 2381 coelestis

1052 2407 1203 2453 Chris-
