1483 2860
260 257 308 286 η
469 243 1134 288 COMMENTATIO

308 351 508 403 Senatum,
523 356 633 407 cujus
660 365 806 394 omnem
831 355 1136 405 ferepotestatem
1163 366 1268 396 antea
1290 355 1365 395 fre-

255 434 357 475 gerat
381 426 450 474 (1)
476 425 550 474 ipse
571 424 783 464 instauravit
802 426 1103 476 Philippus.
1132 428 1248 465 Porro
1286 427 1367 466 Au-

258 494 310 533 rei
339 495 501 533 Velleris
528 495 746 543 equitibus,
774 495 1004 544 reliquorum
1041 496 1199 534 duorum
1239 496 1366 534 conci·

253 563 389 602 liorum
412 563 522 602 sociis
536 593 550 612 ‚
566 573 608 602 ut
628 565 838 612 antiquitus
855 578 935 603 mos
950 574 1027 604 erat
1042 595 1054 613 ‚
1078 567 1253 604 Senatum
1267 566 1367 604 adire

251 633 443 683 permifit:
471 644 704 672 convocante
737 635 911 674 nimirum
937 635 1246 685 Margarita,
1272 647 1366 683 quae

249 702 434 753 Principis
474 705 599 742 locum
645 705 834 744 tuebatur.
896 706 1059 754 Reliqua
1092 706 1167 743 duo
1207 705 1366 744 concilia

248 775 321 825 jam
347 775 488 824 integra
526 783 642 813 erant.
672 775 838 813 Concilii
870 774 997 814 secreti
1016 774 1232 824 praefidium
1265 784 1368 813 tene-

250 845 315 884 bat
339 845 556 892 Viglius
590 845 756 882 Zuich
775 857 942 892 emus,
966 845 1026 883 cui
1051 846 1198 883 aderant
1233 846 1369 884 Pere-

251 922 415 954 notus
467 922 503 951 et
540 913 871 952 Barlaimont.
938 914 975 952 Si
1007 913 1105 952 forte
1149 925 1207 952 res
1240 913 1366 963 magni

252 983 431 1022 momenti
455 991 680 1032 agerentur,
708 984 768 1021 vel
795 983 820 1022 si
853 984 1012 1022 Senatus
1040 984 1182 1022 sodales
1209 984 1304 1022 inter
1329 983 1369 1022 se

249 1053 508 1099 dissentirent,
533 1052 760 1100 Margari
777 1061 863 1092 tam
893 1065 978 1091 cum
1003 1053 1106 1092 hisce
1131 1054 1252 1092 tribus
1275 1064 1369 1103 con·

251 1123 329 1163 filia
365 1122 538 1161 inituram
590 1122 669 1159 esse
719 1122 900 1171 Philip
917 1113 1013 1171 pusv
1059 1122 1183 1172 jussit.
1251 1122 1370 1173 Quod

254 1201 293 1232 et
330 1193 412 1231 aliis
444 1200 481 1230 et
517 1191 691 1239 inprimis
732 1191 770 1229 G
785 1191 996 1231 ulielmo
1031 1193 1250 1241 valdequam
1297 1192 1374 1230 dis-

249 1263 398 1314 plicuit.
464 1263 679 1310 Antequam
722 1261 819 1299 enim
862 1262 1021 1301 Senatus
1054 1257 1339 1302 >convocaretur
1357 1290 1373 1310 ‚

250 1332 500 1384 viglius,
536 1332 827 1371 Perenotus
868 1339 905 1368 et
941 1331 1284 1379 Barlaimont‚
1326 1332 1373 1370 de

248 1404 296 1443 iis
333 1403 444 1442 rebus
463 1430 477 1449 ‚
529 1412 625 1450 quae
663 1409 861 1450 agerentur
877 1427 892 1447 ‚
943 1412 1029 1438 cum
1080 1401 1125 1439 M
1141 1401 1371 1450 argarita

247 1476 322 1527 iam
344 1471 525 1511 collocuti
555 1479 657 1508 erant
680 1471 762 1518 (2).
790 1470 938 1509 Praeter
965 1482 1036 1518 ea,
1065 1482 1160 1518 quae
1181 1472 1254 1521 J‘am
1281 1483 1373 1511 con-

252 1544 431 1585 stituerat·
466 1542 494 1581 P
511 1540 605 1578 hili
618 1552 642 1589 p
657 1552 682 1589 p
696 1552 721 1578 u
736 1550 754 1578 s
776 1566 791 1587 ‚
858 1539 1042 1578 variarum
1087 1541 1369 1580 Provinciarum

249 1611 461 1664 praefectos
501 1611 634 1660 eligere
665 1621 764 1658 opus
800 1617 891 1648 erat.
947 1609 1280 1649 Gulielmum‘
1307 1612 1377 1660 igi-

250 1691 316 1722 tur
347 1680 596 1730 Hollandiae‚
636 1680 834 1719 Zelandiae
855 1707 869 1728 ,
904 1679 1094 1729 Trajecti‚
1138 1680 1245 1719 Frifii
1279 1682 1380 1720 occi-

1286 1752 1377 1791 den-

292 1875 440 1913 (1)Vid.
462 1875 623 1913 Bijvoegs.
657 1883 694 1902 en
734 1874 850 1903 Nalez.
888 1882 960 1902 νοω·
996 1872 1049 1900 bn
1081 1871 1161 1901 Vlda
1194 1871 1276 1900 Du!
1310 1881 1374 1908 ναι,

254 1936 365 1969 Wag-
394 1932 471 1962 Vad.
494 1934 582 1961 Hist.
604 1939 673 1967 pag.
696 1939 742 1961 αι.

291 1991 347 2028 (2)
368 1989 440 2019 Vid.
471 1989 573 2017 Leven
590 1994 652 2016 cet.
680 1987 705 2016 1.
735 1993 877 2021 pagato.
927 1985 1035 2019 Magna
1067 1985 1137 2013 sane
1177 1987 1264 2014 caula
1289 1992 1375 2024 erat,

254 2055 346 2085 quare
367 2048 442 2076 haec
466 2045 664 2075 Gulielmo
694 2043 902 2078 displicerent.
943 2042 1019 2071 Nam
1034 2062 1044 2076 ‚
1062 2042 1145 2077 quod
1162 2049 1290 2071 eventus
1315 2043 1372 2070 ‹lo-

254 2105 337 2139 cuit,
381 2104 501 2138 semper
523 2110 592 2136 res,
627 2109 703 2137 quae
735 2101 770 2128 ad
803 2100 916 2135 patriae
950 2099 1117 2135 perniciem
1154 2100 1304 2128 ducebant
1340 2097 1372 2127 in

253 2163 352 2191 hocce
370 2159 505 2189 concilio
528 2158 705 2193 agebantur,
727 2156 836 2193 quibus
854 2156 947 2192 igitur
969 2155 1118 2185 adversari
1143 2165 1206 2185 non
1233 2164 1375 2195 poterant

250 2217 301 2253 ὓ,
329 2216 383 2254 qui
410 2214 522 2253 patriae
548 2213 634 2243 saluti
659 2213 869 2243 consulebant.
898 2214 1082 2250 Exemplum
1100 2212 1190 2249 huius
1215 2213 1263 2244 rei
1287 2212 1376 2244 inve·

237 2274 336 2306 'nitur
353 2275 432 2311 apud
452 2275 555 2308 Wag.
579 2273 639 2308 Op.
659 2272 696 2301 L.
719 2272 777 2300 Vl.
795 2278 867 2307 pag·
886 2273 937 2307 46.
