1483 2860
190 172 237 201 ιο
421 159 1071 202 INTRODUCTIO.

183 269 356 318 processu
392 281 436 307 ex
467 269 616 308 duobus
652 270 785 308 atomis
808 271 1013 320 alcoholis,
1041 272 1107 320 qui
1132 282 1292 321 quatuor

184 338 365 387 oxygenii
400 337 617 385 assumunt,
656 349 753 376 unus
789 349 934 378 atomus
969 340 1060 379 acidi
1092 342 1221 380 acetici
1258 352 1294 382 et

179 417 259 446 -tres
291 407 406 446 atomi
422 420 538 455 aquae
566 407 755 446 oriuntur.
808 409 1055 448 Fermentatio
1078 411 1221 449 acetosa
1238 423 1294 449 er-

181 490 231 527 go
263 478 317 516 nil
349 477 449 516 aliud
477 485 561 523 est,
596 476 662 514 nifi
696 475 847 525 simplex
874 478 1110 528 oxydationis
1143 490 1295 529 proces-

181 546 257 585 sus.
309 546 365 584 Ut
389 554 510 583 autem
537 532 722 593 'spirituofi
756 546 926 594 liquores
951 548 991 586 in
1013 549 1193 588 acetosam
1218 549 1296 588 fer-

181 615 443 654 mentationem
474 613 664 652 transferri
694 615 865 664 possint,
905 626 1069 664 quatuor
1107 619 1296 658 conditio-

180 696 248 723 nes
288 682 410 721 stricte
453 682 674 722 necessariae
716 686 824 722 sunt:
877 693 1122 734 temperatura
1157 686 1292 726 scilicet

181 754 294 803 paulo
319 753 596 801 atmosphaerae
626 762 872 801 temperatura
901 755 1076 793 consueta
1095 756 1290 805 superior,

179 832 375 862 contactus
417 823 541 869 aeris,
593 823 796 871 praesentia
824 823 981 874 alicujus
1015 825 1187 864 materiae
1221 825 1296 865 fer-

181 893 296 932 menti
330 892 490 931 officium
519 892 689 930 facientis
729 902 766 931 et
796 895 940 933 tandem
973 895 1196 934 abundantia
1221 897 1296 946 spi-

179 963 274 1002 ritus
291 962 378 1001 vini
402 962 440 1000 in
469 961 549 1010 ipso
575 961 722 1009 liquore
745 963 890 1002 vinoso.

229 1032 304 1072 His
337 1032 404 1072 sub
438 1032 717 1071 conditionibus
753 1034 793 1071 in
827 1033 1004 1073 acetosam
1044 1035 1293 1076 fermentatio·

177 1114 260 1143 nem
291 1101 481 1141 transferri
517 1101 699 1151 possunt:

233 1179 289 1213 ιο.
318 1172 430 1213 Succi
462 1172 722 1221 vegetabilium
739 1201 752 1221 ‚
779 1175 819 1211 in
857 1175 1018 1224 quibus,
1046 1186 1191 1224 praeter
1220 1177 1294 1215 sac—

178 1244 330 1283 charum
370 1243 479 1282 etiam
517 1253 633 1282 unum
673 1245 875 1283 alterumve
910 1246 1055 1283 acidum
1088 1247 1293 1293 vegetabile

178 1313 433 1352 utiracidum
461 1314 656 1361 malicum,
683 1314 881 1362 citricum‚
910 1315 1121 1353 tartaricum
1147 1325 1185 1355 et
1209 1329 1297 1355 oxa·

178 1384 292 1422 licum
320 1385 440 1432 adest3
475 1395 551 1430 quo
576 1384 707 1421 succus
741 1392 922 1430 uvarum,
946 1385 1153 1432 malorum,
1181 1397 1295 1434 pyro-

177 1465 287 1501 rum,
322 1455 523 1491 multorum
567 1453 725 1491 aliorum
760 1452 952 1490 fructuum
984 1453 1148 1491 dulcium
1180 1463 1292 1503 atque

179 1524 325 1562 tandem
353 1524 457 1562 betae
491 1522 684 1572 vulgaris,
734 1522 841 1560 dauci
873 1521 1000 1569 sativi,
1053 1523 1093 1561 fii
1126 1522 1218 1562 fisari
1255 1532 1292 1562 et

180 1600 381 1631 extractum
408 1620 421 1639 ‚
473 1603 568 1639 aqua
616 1591 817 1630 ebulliente
861 1602 1028 1640 paratum
1055 1621 1069 1641 ,
1121 1605 1166 1632 ex
1207 1593 1294 1633 bac·

178 1664 236 1701 cis
274 1674 425 1701 uvarum
474 1661 689 1710 passarum,
743 1663 959 1711 pertinent3
1023 1675 1116 1712 quae
1169 1663 1293 1702 omnia

179 1745 263 1772 cum
310 1733 494 1780 liquorem
547 1730 715 1770 vinosum
761 1732 1042 1770 fermentatione
1088 1732 1293 1781 producere

181 1802 348 1852 poslint,
394 1801 500 1840 etiam
539 1802 606 1840 hac
639 1803 683 1840 de
720 1813 760 1840 re
794 1801 964 1840 facillime
1002 1810 1146 1840 acetum
1182 1813 1293 1851 gene·

183 1883 282 1912 rant.

235 1946 291 1985 2⁰.
316 1942 427 1981 Varia
454 1942 724 1980 frumentorum
762 1953 892 1990 genera
910 1941 964 1979 uti
999 1942 1202 1989 hordeum,
1229 1943 1293 1981 tri·

182 2014 297 2052 ticum
314 2042 328 2059 ,
355 2022 433 2050 tum
460 2014 566 2049 etiam
591 2012 738 2049 alcohol
765 2023 808 2050 ex
832 2011 889 2049 his
924 2020 1089 2060 paratum
1107 2040 1120 2059 ,
1161 2023 1289 2062 magna

186 2094 301 2130 aquae
332 2082 535 2129 quantitate
565 2080 740 2118 dilutum.

238 2153 292 2201 3⁰.
319 2151 453 2190 Omnia
480 2150 660 2199 producta
696 2149 798 2198 regni
829 2149 1045 2198 vegetabilis
1063 2179 1076 2198 ,
1105 2162 1199 2199 quae
1222 2149 1298 2189 sac-

186 2224 337 2262 charum
373 2222 432 2260 vel
465 2221 626 2269 amylum
667 2221 881 2259 continent.-
938 2229 1050 2270 atque
1093 2220 1167 2269 ita,
1222 2221 1298 2260 sac·

1217 2291 1302 2331 cha·
