2912 4368
875 1273 1388 1317 LITERAnrffi
1468 1283 1476 1291 κ
1615 1285 1705 1326 ιφ-

615 1385 650 1424 R
667 1396 758 1432 equ
775 1386 990 1424 esenius
1015 1384 1151 1422 bellum
1179 1392 1280 1424 tanta
1306 1385 1342 1423 vi
1369 1393 1405 1422 et
1435 1383 1595 1423 efficacia¹
1626 1370 1689 1433 ge-

563 1455 668 1493 rebat
695 1464 877 1503 tantoque
911 1455 1054 1502 impetu
1087 1454 1254 1502 undique
1296 1455 1334 1492 in
1375 1454 1709 1493 Gulielmum-

564 1525 753 1571 irruebat,
805 1533 984 1572 quantum
1026 1524 1339 1564 Gulielmus
1376 1524 1538 1574 perferre
1582 1525 1690 1574 posse

564 1595 629 1634 vix
670 1595 881 1634 videbatur.
949 1593 1023 1633 Hic
1052 1594 1169 1643 igitur
1196 1595 1357 1634 Ordines
1392 1595 1690 1634 Roterodamum

563 1665 821 1713 convocavit,
871 1677 1013 1713 eosque
1061 1666 1239 1714 rogavit,
1283 1667 1457 1713 quidnam
1509 1665 1710 1714 praestare·

566 1736 833 1783 existimarent,
873 1745 996 1774 utrum
1032 1748 1157 1784 pacem
1195 1736 1396 1785 implorare
1417 1745 1455 1774 et
1490 1747 1575 1775 cum
1605 1747 1692 1785 rege

564 1805 603 1843 in
638 1806 788 1854 gratiam
836 1806 980 1853 redire,
1020 1818 1066 1845 an
1106 1807 1237 1854 utique
1283 1807 1329 1845 ab
1371 1819 1414 1845 eo
1452 1807 1689 1855 desciscere,

565 1885 771 1913 extraneam
809 1877 1015 1924 potentiam
1042 1876 1216 1915 invocare
1249 1877 1358 1925 eique
1394 1876 1429 1915 se
1459 1875 1689 1915 submittere.

568 1945 679 1982 Varia
716 1946 761 1983 de
792 1946 859 1983 hac
894 1946 1041 1984 materia
1066 1974 1079 1994 ,
1120 1947 1243 1996 magni
1275 1946 1357 1985 sane
1381 1947 1586 1996 momenti,
1613 1956 1694 1987 acta

568 2013 653 2052 sunt
674 2024 785 2063 atque
811 2028 869 2054 res
898 2027 975 2053 non
1001 2015 1119 2054 statim
1146 2018 1190 2054 ad
1213 2016 1320 2054 finem
1347 2017 1526 2066 perducta
1548 2026 1654 2061 est-v.

621 2086 893 2134 Paullo'post,
917 2087 1084 2135 periculo
1113 2087 1229 2135 magis
1256 2087 1450 2135 magisque
1475 2095 1693 2135 crescente,

570 2155 730 2194 Ordines
753 2155 885 2194 iterum
907 2166 1164 2194 convenerunt
1190 2166 1302 2205 atque
1326 2168 1478 2195 auctore
1499 2156 1538 2196 G
1552 2155 1624 2194 uli
1639 2157 1708 2194 eI-·

570 2237 604 2263 m
620 2237 642 2263 ο
666 2226 934 2274 decreverunt,
962 2239 1048 2265 cum
1065 2227 1102 2264 in
1135 2227 1222 2265 alias
1238 2227 1409 2265 civitates
1427 2256 1441 2274 .,
1458 2236 1538 2264 tum
1563 2227 1602 2263 in
1615 2226 1705 2278 An-v

569 2296 678 2345 gliam
696 2324 708 2343 ,
736 2296 863 2334 auxilii
890 2297 1040 2344 petendi
1067 2297 1199 2343 causa,
1226 2299 1370 2343 legatos
1403 2295 1565 2334 mittere.
1618 2295 1698 2333 Ve-

571 2377 682 2413 rum,
721 2364 784 2404 etsi
816 2365 1152 2404 Elisabethae
1191 2364 1374 2403 summurn
1401 2357 1622 2403 Hollandiae
1662 2373 1699 2402 et

572 2436 790 2473 ZeeIandiae
841 2436 1037 2485 imperium
1078 2436 1321 2482 obtulerunt,
1376 2435 1502 2483 regina
1545 2444 1699 2483 tamen,

571 2504 709 2543 bellum
742 2505 991 2552 Hispanicum
1039 2515 1074 2544 et
1111 2506 1257 2545 Galliae
1289 2505 1465 2543 invidiam
1497 2514 1699 2554 uictricem,

572 2574 768 2623 Belgarum
801 2573 987 2613 desideriis
1016 2575 1272 2624 obtemperare
1300 2586 1377 2613 non
1398 2576 1481 2614 ausa
1505 2584 1565 2614 est
1587 2576 1670 2624 (1).

625 2647 752 2696 Quum
778 2658 899 2696 neque
935 2656 1146 2686 extraneum
1174 2647 1353 2685 auxilium
1382 2647 1601 2695 impetrare,
1633 2658 1702 2690 nes

572 2729 646 2765 que
669 2717 777 2755 etiam
806 2717 974 2755 hostium
998 2717 1160 2766 impetus
1187 2717 1349 2766 amplius
1373 2716 1549 2755 cohibere
1573 2715 1699 2766 posset

572 2787 884 2835 Gulielmus,
912 2789 1059 2826 tandem
1087 2788 1189 2826 omni
1212 2787 1274 2836 spe
1303 2787 1463 2834 excidit,
1491 2796 1605 2836 atque
1636 2788 1699 2825 de-

572 2858 713 2913 sperata
741 2858 958 2907 republica,
986 2859 1180 2906 Belgarum
1214 2856 1340 2905 bona‚
1368 2870 1504 2896 uxores
1542 2867 1577 2896 et
1605 2856 1701 2896 Iibe-

575 2939 638 2966 ros
671 2927 708 2966 in
736 2939 849 2967 naves
877 2928 1057 2978 inponere
1074 2957 1087 2976 ,
1124 2929 1277 2976 patriam
1301 2928 1512 2976 relinquere
1537 2928 1700 2977 peregri-

573 3009 715 3047 nasque
739 3000 908 3048 regiones
933 3009 1057 3049 petere
1077 2999 1279 3047 aliquando
1304 2999 1429 3036 animo
1445 2998 1599 3047 agitavit
1612 2997 1697 3047 (2).

1623 3069 1703 3107 Ve-

612 3144 666 3180 (ι)
687 3144 756 3173 vid.
778 3145 800 3172 B
820 3153 874 3179 or,
895 3145 956 3180 Op.
984 3145 1050 3173 Lib.
1072 3146 1155 3175 vm.
1179 3146 1234 3175 fol.
1261 3152 1329 3182 132.
1354 3161 1397 3169 ἡ
1420 3147 1569 3181 Hooft‚
1594 3147 1655 3181 Op.
1677 3147 1700 3175 l.

574 3207 641 3234 pag.
665 3209 734 3238 4⁴4·
757 3216 793 3223 —
818 3202 918 3231 Leven
940 3209 1001 3232 cet.
1031 3203 1075 3232 11.
1102 3212 1171 3240 pag.
1192 3213 1260 3241 591.
1282 3220 1328 3228 —
1350 3205 1390 3233 W
1403 3212 1455 3239 ag.
1487 3205 1547 3239 Op.
1576 3204 1598 3232 1.
1631 3203 1700 3231 vn.

573 3264 636 3291 pag·
668 3260 714 3286 31.
1700 3267 1701 3270 ¹

587 3315 668 3350 ⁴(2)
690 3313 762 3343 Vid.
796 3316 940 3352 Hooft,
977 3318 1036 3353 Op.
1067 3319 1089 3347 1.
1115 3326 1184 3354 pag.
1212 3327 1289 3355 432.
1332 3327 1379 3339 ⁸—
1418 3319 1520 3348 Levcn
1554 3325 1616 3346 cet.
1654 3317 1697 3346 11.

576 3379 642 3406 pag.
672 3375 740 3401 608.
770 3386 811 3399 -ι
832 3374 870 3403 W
884 3381 935 3408 ag.
958 3375 1019 3410 Op.
1043 3375 1161 3411 nvn.
1187 3384 1255 3411 pag.
1279 3378 1327 3405 88.
1352 3375 1395 3409 sq.
