1560 2860
262 265 406 301 tvm

317 373 515 414 Licet-as
539 368 806 413 Chaldaicas
823 374 862 412 et
885 369 1100 425 Syriacas
1122 369 1163 413 J.
1182 369 1242 413 H.
1274 367 1379 412 PA-

266 445 455 500 REAU,
485 445 633 490 diebus
661 446 785 490 lunae
810 452 851 490 et
878 445 1003 502 jovis,
1035 446 1139 488 hora
1170 445 1242 488 XI.

321 524 590 569 Literarum
615 525 921 568 Arabicarum
946 526 1078 567 initia
1116 523 1157 566 J.
1186 523 1246 565 H.
1275 522 1379 566 PA-

263 599 451 653 REAU,
482 599 631 644 diebus
659 599 805 643 martis
831 606 871 643 et
896 600 1087 651 veneris,
1117 598 1223 642 hora
1243 597 1317 642 XI.
1338 604 1380 642 et

263 678 469 720 carmina
488 679 713 733 quaedam
738 677 951 719 Arabica
973 678 1237 732 antiquiora
1262 681 1381 718 trac-

263 757 354 794 tare
382 757 556 809 perget,
600 750 668 795 die
700 750 918 804 mercurii,
949 750 1054 794 hora
1090 751 1166 798 IX.
1199 757 1269 795 aut
1297 749 1378 794 alia

262 825 564 871 commodiore.

318 905 660 962 Antiquitatem
707 905 991 947 Hebraicam
1040 901 1180 947 tradet
1233 902 1275 946 J.
1312 901 1375 946 H.

261 979 523 1033 PAREAU,
554 979 702 1024 diebus
721 979 867 1031 lunae,
896 978 1067 1031 martis,
1097 978 1206 1035 jovis
1231 985 1272 1022 et
1299 991 1376 1021 ve-

260 1055 399 1109 neris,
430 1055 535 1099 hora
563 1056 597 1100 I.

317 1135 582 1178 Historiam
609 1134 820 1189 gentium
842 1163 854 1184 ‚
889 1130 1138 1190 praesertim
1185 1129 1379 1173 Graeco-

258 1221 355 1252 rum·
379 1215 421 1253 et
448 1208 740 1253 Romanorum
775 1211 854 1253 ΡΗ.
891 1208 943 1252 G.
982 1219 1082 1250 vAN
1106 1206 1373 1257 HEUSDE,

261 1282 409 1329 diebus
435 1284 579 1338 lunae,
609 1285 755 1330 martis
770 1316 784 1339 ,
813 1284 920 1342 jovis
945 1291 987 1328 et
1012 1282 1198 1334 veneris,
1216 1281 1259 1326 h.
1276 1280 1374 1325 ΧΠ.

315 1362 568 1406 Historiam
598 1367 783 1418 poie‘seos
813 1364 1043 1413 Graecae,
1074 1361 1152 1403 ΡΗ.
1186 1358 1240 1403 G.
1270 1367 1374 1400 VAN

258 1437 499 1483 HEUSDE
515 1470 529 1492 ‚
561 1438 707 1482 diebus
730 1437 926 1482 mercurii
963 1444 1003 1481 et
1031 1433 1217 1486 saturni,
1247 1433 1290 1476 h.
1315 1432 1369 1476 X.

315 1515 569 1560 Historiam
619 1499 937 1572 philosophiae
963 1544 975 1567 ‚
1034 1515 1113 1557 ΡΗ.
1179 1512 1231 1554 G.
1278 1520 1375 1552 VAN

256 1589 496 1636 HEUSDE
514 1622 527 1645 ,
571 1589 717 1635 diebus
757 1589 951 1634 mercurii
990 1595 1032 1633 et
1068 1585 1256 1640 saturni,
1286 1585 1373 1630 ho-

256 1681 305 1710 ra
337 1667 410 1710 XI.

312 1747 574 1788 Historiam
611 1746 832 1796 Patriae,
863 1742 915 1787 A.
948 1741 1196 1795 SIMON&
1221 1741 1373 1788 diebus

256 1820 426 1873 martis,
454 1819 674 1871 mercurii,
706 1819 815 1876 jovis
840 1826 879 1863 et
900 1818 1083 1871 veneris,
1114 1819 1225 1862 hora
1251 1819 1370 1864 Vffl.

313 1897 567 1938 Historiam
610 1898 902 1939 Coloniarum
944 1897 1101 1951 Belg.,
1141 1895 1288 1939 diebus
1326 1902 1370 1941 et

255 1969 372 2014 horis
388 2003 399 2023 ,
431 1972 689 2015 auditoribus
714 1971 946 2016 commodis
964 2003 976 2025 ,
1007 1972 1059 2015 A.
1088 1971 1322 2017 SIMONS.

313 2047 494 2090 Litteras
521 2051 737 2104 Belgicas
761 2057 807 2091 et
835 2051 1160 2105 Eloquentiam
1173 2080 1191 2101 ‚.
1216 2048 1266 2092 A.
1281 2047 1365 2093 SI-

253 2121 442 2176 MONS,
474 2123 515 2167 d.
559 2124 727 2178 martis,
763 2124 987 2178 mercurii,
1015 2123 1120 2182 jovis
1159 2132 1201 2169 et
1230 2139 1363 2171 vene-

252 2196 337 2251 ris,
367 2198 472 2243 hora
498 2199 551 2243 II.

309 2276 642 2332 Narrationes,
692 2294 807 2335 quae
843 2279 1109 2336 fabulosam
1147 2286 1364 2338 spectata&

1236 2356 1358 2400 Gen-e
