1483 2860
348 270 862 312 LITERARIA.
1099 279 1174 318 ,ος

39 396 120 424 rum
157 383 321 433 pondere
355 382 554 420 refutatur.
627 380 772 424 Patriae
809 391 994 427 amorem,
1038 380 1174 418 verita·

40 464 145 502 tem,
171 452 447 500 integritatem,
476 451 609 490 mirum
641 451 780 500 ingenii
811 461 967 489 acumen
994 462 1035 489 ac
1062 449 1174 488 inuii-

41 532 161 565 tatum
188 535 310 561 rerum
346 521 452 561 usum
485 521 629 569 ubique
661 520 755 569 sapit
780 521 947 559 libellus.
1000 520 1176 559 Acerbus

47 594 200 644 quidem
230 593 269 630 in
297 592 544 640 vituperando
580 591 780 638 regiaeque
818 590 991 639 dignitati
1025 589 1177 628 minime

48 675 219 714 parcens.
275 663 348 701 Sed
387 662 517 710 quidni
552 660 675 699 esset?
712 661 882 710 Regem,
926 660 992 707 qui
1029 671 1177 698 omnem

49 734 314 773 humanitatem
351 740 530 778 exuerat,
583 731 768 779 populum
802 731 908 769 suum
947 731 1181 779 perdiderat,

47 803 371 843 Gulielmum
408 800 624 849 ingentibus
662 801 769 838 malis
808 799 977 839 affecerat
1001 812 1042 840 ac
1077 800 1180 839 nefa-

49 874 117 912 riis
159 873 378 921 quibusque
405 870 590 910 conviciis
618 870 852 908 consectatus
891 879 992 918 erat,
1048 871 1178 910 timere

56 954 136 982 non
164 943 325 991 amplius
344 941 492 980 necesse
515 949 604 980 erat.
635 941 737 979 Olim
756 968 769 988 ,
784 949 826 979 ut
853 952 919 990 par
941 949 1017 979 erat
1031 969 1044 988 ,
1060 952 1183 989 regem

60 1014 220 1052 humane
261 1012 494 1060 comiterque
534 1013 720 1050 allocutus
766 1020 858 1050 erat.
935 1013 1049 1051 Nunc
1089 1024 1182 1053 vero

61 1084 203 1121 blandis
236 1082 361 1120 verbis
398 1081 495 1130 regis
533 1081 678 1119 animus
714 1081 864 1120 minime
888 1083 1184 1131 demulcendus,

59 1152 120 1191 sed
158 1153 300 1191 acerbis
333 1151 452 1190 veluti
477 1152 616 1189 aculeis
644 1153 868 1200 pungendus
893 1161 983 1191 erat.

111 1222 327 1273 Quominus
342 1220 531 1270 copiofius
552 1229 589 1259 et
614 1221 845 1260 enucleatius
870 1222 917 1260 de
936 1223 1048 1273 hacce
1071 1222 1189 1272 scrip-

58 1292 163 1331 tione
197 1291 342 1339 dicam‚
372 1291 529 1339 impedit
560 1291 768 1339 argumenti
800 1292 926 1330 nostri
959 1293 1183 1342 amplitudo.

60 1362 185 1402 Multa
214 1373 340 1400 eorum
376 1361 520 1409 quibus
553 1360 694 1400 causam
723 1362 821 1400 suam
857 1362 1023 1401 defendit
1055 1363 1095 1401 in
1127 1363 1187 1413 ip·

61 1431 137 1470 {ius
160 1431 378 1469 immortalis
407 1430 479 1469 viri
511 1430 707 1479 prudentia
735 1433 955 1480 exponenda
972 1434 1048 1483 jam
1080 1434 1185 1473 adhi-

65 1501 239 1541 buimus.

116 1570 224 1610 Hanc
262 1569 488 1618 Apologiam
528 1570 671 1618 publici
706 1571 803 1620 Juris
833 1571 950 1620 fecit,
991 1573 1184 1623 literisque

61 1640 226 1695 additis,
253 1650 338 1678 cum
365 1639 573 1678 Ordinibus
602 1640 860 1682 Generalibus
886 1651 923 1680 et
947 1643 1184 1692 Principibus

66 1709 292 1749 Christianis
320 1709 610 1748 communicavit
630 1711 716 1761 (1).

560 1831 596 1878 §-
656 1832 691 1868 8.

58 1954 61 1957 ’
104 1951 186 1998 'Illo
219 1969 387 2009 tempore
428 1971 550 2008 neque
589 1973 609 1999 a
645 1962 852 2002 Parmen
867 1965 939 2013 si,
973 1977 1094 2015 neque
1134 1968 1181 2007 ab

71 2030 278 2083 Ordinibus
297 2041 448 2080 magnae
475 2042 534 2069 res
563 2032 798 2080 gerebantur.
829 2035 942 2073 Solus
957 2036 1061 2076 Ren
1075 2035 1188 2077 nen·

192 2095 196 2098 ’
333 2095 335 2099 ’
1083 2106 1138 2147 δέ
1154 2090 1189 2149 r-

105 2193 158 2231 (1)
181 2195 251 2225 Vid.
271 2197 366 2232 Bor,
387 2198 446 2232 Op.
473 2199 495 2227 1.
526 2198 609 2228 XVI.
626 2200 685 2229 fol.
711 2211 756 2239 14.
782 2203 827 2238 sq.
852 2218 888 2226 —
909 2205 1058 2242 Hense,
1079 2209 1138 2245 Op.
1160 2210 1183 2238 1.

69 2258 138 2286 pag.
169 2256 238 2285 728.
260 2254 304 2289 sq.
327 2267 367 2276 -—
395 2255 630 2293 Dinothus,
662 2260 771 2294 op.1.
792 2268 861 2296 pag.
883 2268 950 2295 350-
977 2263 1021 2299 sq.
1041 2282 1083 2290 —·
1107 2266 1187 2294 Van

68 2307 278 2346 Meteren,
300 2312 361 2348 Op.
378 2314 402 2343 l.
428 2314 484 2343 111.
507 2322 574 2349 pag.
596 2322 664 2352 473.
685 2316 751 2351 sqq.
781 2331 826 2339 —
846 2317 948 2347 Lmen
969 2328 1019 2349 cet
1049 2322 1105 2351 111.
1117 2330 1185 2359 pag.

67 2372 134 2401 με.
156 2365 220 2401 sqq.
250 2383 284 2390 -
309 2372 545 2406 wageriaar,
568 2374 656 2407 opi.
682 2374 751 2403 VH.
776 2382 843 2410 pag.
872 2383 940 2413 347.
961 2378 1006 2412 sq.
