1483 2860
364 224 965 275 THEOLOGICA·
1187 231 1242 273 45

118 356 232 396 regna
270 353 465 391 novaeque
500 348 656 391 gentes,
708 349 829 387 quae,
885 333 1063 375 torrentis
1102 330 1242 382 instar,

119 415 248 456 civilia
279 414 431 463 imperia
468 420 701 457 evertentes,
736 406 1000 448 Ecclesiastico
1030 403 1066 443 se
1095 403 1243 441 addixe-

119 495 233 536 rant3
274 483 449 524 nimirum
481 482 633 521 moralia
671 478 863 529 religionis
900 475 1138 516 Christianae
1166 475 1243 522 pla-

118 557 194 596 cita
225 546 353 594 eorum
387 560 531 592 mentes
559 552 820 597 adverterant,
858 556 920 595 et,
956 556 1042 585 cum
1075 542 1243 582 melioris

116 625 347 666 conditionis
399 622 534 662 semina
572 620 786 670 proferrent
809 646 823 667 ,
874 616 971 655 sacra
1027 613 1245 654 Christiana

115 697 414 746 amplectentes,
441 691 669 731 hierarchiae
703 691 811 730 fimul
842 686 1000 736 imperio
1039 684 1075 724 se
1105 683 1244 724 submi-

113 768 240 808 serunt
267 766 354 816 (1).
407 762 607 804 Pontifices
644 771 735 800 vero
772 757 968 805 Romani,
1007 755 1068 795 his
1103 764 1245 803 oppor-

115 836 338 877 tunitatibus
376 834 572 883 diligenter
620 840 795 878 utentes,
847 826 1097 867 monarchiam
1141 823 1243 862 suam

116 907 236 947 indies
259 906 463 946 firmiorem
500 902 653 942 reddere
676 900 858 940 continuo
884 898 1104 938 studuerunt
1131 896 1216 944 (2).

169 978 346 1018 Attamen
381 975 445 1014 sua
470 972 588 1012 studia
615 972 774 1021 fiugulae
804 977 932 1019 gentes
959 967 998 1006 in
1021 965 1241 1014 religionem

118 1046 371 1088 Christianam
385 1044 682 1089 transtulerunt,
699 1050 736 1079 et
750 1039 891 1079 diversa
916 1050 986 1087 pro
1010 1037 1070 1076 his
1098 1035 1242 1075 ratione

115 1116 189 1156 sese
226 1127 311 1165 erga
341 1114 582 1154 hierarchiam
620 1111 824 1162 gesserunt.
878 1107 1097 1148 Auctoritas
1141 1105 1242 1145 enim

116 1186 368 1232 clericorum,
422 1195 517 1233 quae
555 1183 595 1222 in
620 1183 727 1222 Italia
758 1181 926 1230 suprema
964 1177 1147 1226 evaserat,
1199 1175 1240 1215 in

114 1258 198 1298 aliis
239 1255 488 1307 regionibus,
539 1252 663 1293 medio
699 1250 844 1290 saeculo
880 1249 962 1296 XI,
1015 1256 1241 1297 magnopere

115 1326 438 1375 restringebatur3
464 1324 539 1363 imo
572 1331 632 1361 tot
662 1320 785 1360 modis
820 1319 1012 1369 principes
1049 1317 1161 1355 rebus
1184 1315 1240 1354 sa-

111 1399 187 1439 cris
239 1397 312 1436 sese
360 1395 648 1440 immiscebant,
697 1399 799 1430 tanta
835 1391 920 1440 jura
961 1388 1001 1427 in
1035 1385 1240 1427 Ecclefiam

113 1469 185 1511 fibi
217 1467 481 1514 vindicabant,
509 1474 546 1503 et
577 1463 729 1502 vinculo
764 1470 838 1500 tam
875 1468 979 1499 arcto
1014 1465 1239 1507 praepoten-

113 1541 207 1580 tium
241 1539 462 1578 clericorum
494 1533 701 1575 dominium
724 1543 810 1571 curn
833 1531 993 1580 imperio
1017 1528 1120 1567 civili
1145 1538 1237 1566 con-

114 1610 361 1656 nectebatur,
399 1615 442 1646 ut
479 1604 588 1644 multi
623 1613 713 1642 tunc
747 1601 927 1650 temporis
960 1599 1003 1637 de
1030 1599 1236 1637 Laicorum

115 1680 335 1723 auctoritate
370 1678 410 1716 in
450 1676 562 1715 rebus
598 1671 868 1714 Ecclefiasticis
910 1669 1133 1716 minuenda,
1172 1678 1238 1706 ne-

115 1763 180 1793 mo
213 1760 306 1790 vero
337 1748 384 1788 de
415 1746 487 1785 hac
519 1742 670 1795 prorsus
699 1740 889 1789 tollenda,
925 1738 1091 1789 cogitare
1125 1735 1235 1777 ausus

111 1820 258 1864 fuisset.

164 1892 255 1944 Quo
290 1888 430 1929 rectius
457 1886 503 1925 de
537 1883 776 1925 Hierarchiae
800 1882 990 1922 Romanae
1015 1880 1236 1920 auctoritate
1298 1929 1301 1933 r

116 1963 156 2004 in
191 1961 305 2003 variis
333 1957 550 2010 regionibus
579 1954 723 1996 diversa
741 1953 981 2006 judicemus,
1006 1952 1113 1991 lubet
1139 1951 1235 1990 hanc

1190 2031 1233 2060 m

151 2144 208 2182 (ι)
228 2143 322 2173 Conf.
343 2143 372 2172 R
383 2141 456 2171 obe
466 2147 501 2170 rt
511 2138 580 2169 son
590 2157 601 2175 ,
623 2137 685 2166 The
710 2136 828 2173 history
847 2133 886 2172 of
900 2133 1028 2163 Chartae
1046 2133 1102 2169 V.‚
1122 2132 1193 2161 vol.
1203 2131 1229 2160 1.

117 2203 199 2232 sect.
219 2202 233 2230 1
286 2208 330 2236 ag.
350 2201 401 2234 65.
767 2223 769 2226 ⁴

152 2258 209 2294 (2)
228 2209 319 2286 Cgirf.
348 2255 532 2290 Villers,
559 2251 653 2288 Essa-⁸
669 2249 730 2286 sur
753 2249 927 2288 I’tnfluence
952 2247 988 2276 de
1009 2247 1042 2276 la
1068 2245 1231 2282 leorna·

118 2316 182 2343 uon
202 2314 235 2343 de
260 2313 398 2348 Luci-er,
418 2318 488 2348 pag.
511 2313 565 2347 ³98
587 2316 619 2338 et
638 2314 707 2346 399.
