1483 2860
372 277 880 322 LITERARIA.
1143 286 1192 328 εξ

61 391 200 433 ritae
251 390 379 430 multis
425 388 550 429 verbis
599 387 811 437 rescripsit,
847 385 1026 436 suamque
1065 392 1106 426 et
1139 385 1188 428 de

61 468 262 510 praecepto
296 459 398 510 regio
424 458 637 498 sententiam
666 458 825 508 copiose*
853 466 891 497 et
932 454 1094 507 graviter
1120 468 1186 497 ex-

64 530 202 580 posuit.
230 530 333 569 Haec
354 541 444 570 vero
482 529 644 578 epistola
675 529 834 578 amplior
860 537 918 568 est
946 539 1056 577 quam
1086 538 1182 576 quae

58 599 206 650 integra
237 600 299 639 hic
324 599 522 639 transcribi
547 599 680 649 posfit.
735 598 860 641 Tanta
886 606 1008 637 tamen
1031 606 1183 647 tamque

59 670 206 721 egregia
252 671 413 710 summae
457 669 677 720 prudentiae
716 669 854 708 indicia
891 669 1089 717 continet,
1136 675 1183 707 ut

57 751 139 778 mm
168 741 241 780 hoc
262 775 263 778 ,
288 741 377 779 loco
417 740 549 780 omnio
578 740 874 790 praetermittere
906 738 1079 788 religioni
1118 736 1184 776 ha-

56 809 178 851 beam.
242 810 369 861 Quare
400 822 477 850 eam
522 810 561 849 in
595 809 778 850 minorem
817 809 976 849 formam
1013 815 1184 848 contrac-

58 886 134 920 tam
168 881 374 920 lectoribus
410 881 622 920 tradendam
644 879 722 919 esse
752 880 908 919 censeo:

109 976 143 997 „
170 949 316 989 Literas
340 950 465 999 accepi
493 958 578 988 tuas
615 949 792 999 regisque
824 947 924 1000 jussa
948 958 993 988 ex
1021 948 1068 989 iis
1091 959 1183 998 cog-

56 1017 222 1065 ,‚-·n0vi.
277 1017 439 1057 Tametfi
474 1030 590 1058 meam
617 1019 663 1058 de
705 1031 745 1057 re
779 1018 874 1058 tanti
896 1018 1078 1058 momenti
1103 1017 1185 1057 sen-

56 1113 90 1136 „
116 1086 268 1125 tentiam
299 1099 377 1126 non
406 1097 513 1127 antea
549 1088 737 1137 audieris,
783 1089 823 1127 in
851 1088 1027 1128 omnibus
1060 1096 1184 1128 tamen

56 1183 90 1204 ‚‚
115 1155 278 1206 negotiis
338 1169 398 1196 me
446 1157 699 1198 fidelisfimum
751 1157 965 1197 ministrum
1019 1157 1181 1207 praesta-

56 1249 90 1274 „
115 1225 185 1266 bo.
249 1226 388 1275 Neque
430 1227 539 1266 etiam
578 1239 673 1276 quae
697 1228 743 1266 de
768 1228 837 1266 hac
868 1239 908 1265 re
932 1227 1051 1266 sentio
1077 1236 1180 1266 nunc

55 1319 89 1343 ,‚
113 1295 341 1336 dissimulare
374 1296 520 1336 animus
544 1306 617 1336 est.
670 1296 830 1337 Praestat
871 1296 969 1335 enim
986 1324 1000 1345 ,
1027 1296 1153 1336 omnia
1169 1321 1186 1344 ,

55 1390 87 1412 ‚‚
114 1363 210 1403 irato
234 1365 340 1404 etiam
377 1377 463 1415 rege
483 1395 495 1414 ,
527 1374 653 1415 aperte
692 1365 916 1412 enuntiare,
944 1373 1056 1410 quam
1093 1374 1186 1412 pos·

54 1460 87 1484 ,‚
113 1442 199 1481 tea,
227 1433 294 1472 ubi
321 1434 533 1483 respublica
559 1433 770 1483 perturbari
797 1431 978 1481 inceperit
995 1459 1010 1480 ‚
1046 1431 1182 1471 merito

56 1529 88 1553 ‚‚
115 1503 251 1543 filentii
277 1515 418 1554 poenas
453 1506 553 1543 dare.
608 1503 726 1554 Quod
760 1503 806 1542 ad
845 1502 1052 1541 concilium
1093 1501 1182 1541 Tri·

56 1604 90 1626 s,
115 1576 307 1616 dentinum
344 1575 505 1623 attinet,
547 1575 585 1614 id
608 1584 688 1614 non
714 1574 860 1622 magnis
894 1573 1182 1613 difficultatibus

60 1669 93 1697 ‚‚
119 1646 237 1695 premi
266 1647 392 1695 duco;
436 1645 649 1696 praesertim
693 1644 722 1684 fi
757 1643 999 1693 respiciamus
1038 1644 1084 1683 ad
1122 1653 1184 1684 eas

55 1739 88 1765 ,·,
116 1728 211 1765 quae
238 1718 401 1767 adJectae
443 1717 529 1756 sunt
556 1716 832 1765 exceptiones.-

110 1815 142 1836 ‚‚
169 1787 228 1826 De
258 1786 504 1835 inquisitione
540 1798 630 1826 vero
682 1786 913 1825 monendum
944 1784 1039 1825 mihi
1077 1783 1184 1824 vide·

59 1879 93 1906 ‚3
117 1865 211 1905 tur,
265 1868 395 1895 omnes
442 1857 640 1905 querelas,
689 1868 784 1905 quae
834 1856 924 1895 olim
985 1855 1032 1894 de
1071 1853 1186 1894 novis

61 1954 93 1976 „
119 1926 322 1977 Episcopis
344 1954 345 1957 ,
364 1927 532 1967 creandis
576 1926 656 1977 regi
689 1928 829 1982 adlatae
876 1924 992 1974 sunt,
1030 1923 1187 1973 inquili-

54 2024 94 2047 ,‚
119 1997 235 2036 tionis
282 1999 417 2038 timore
459 2007 496 2037 et
533 1998 625 2037 odio
679 2006 779 2037 ortas
821 1996 913 2039 esse.
972 1996 1185 2044 Imperator

54 2055 97 2117 ⁴„
124 2069 314 2117 quondam
363 2070 598 2109 Carolus
626 2077 663 2108 et
689 2068 819 2108 verbis
851 2076 889 2107 et
917 2066 1064 2115 literis,
1102 2064 1189 2103 Bel·

71 2163 107 2186 „
129 2137 186 2188 gis
211 2139 355 2188 saepius
388 2139 587 2189 promisit,
613 2139 649 2178 se
675 2150 866 2187 nunquam
902 2135 1188 2186 Inquifitionem

67 2234 101 2257 „
126 2209 227 2256 apud
269 2219 336 2248 eos
388 2209 645 2250 instituturum
699 2208 802 2248 essex
862 2219 958 2257 quae
1006 2203 1190 2256 promissa

65 2298 100 2327 ‚·‚
123 2275 361 2319 confirmavit
389 2290 431 2318 ac
464 2278 608 2328 saepius
644 2278 820 2328 repetivit
854 2277 932 2326 ipse
957 2277 1040 2316 Rex
1076 2276 1103 2315 P
1119 2275 1142 2314 h
1159 2275 1190 2312 i-

64 2374 102 2400 „
127 2346 329 2399 lippus.
393 2348 500 2399 Quae
534 2359 620 2392 cum
657 2348 709 2388 ita
741 2347 840 2398 sint,
869 2347 1040 2397 populus
1073 2346 1187 2395 iure,

622 2419 659 2458 D
685 2430 711 2457 2
1096 2412 1189 2453 olim
