1483 2860
237 216 310 255 114
456 203 1119 246 COMMENTATIO

245 327 351 357 verse
391 326 428 354 m
458 315 540 354 aliis
566 325 686 353 rerum
723 315 902 353 sacrarum
928 314 1258 361 conversionibus,
1286 324 1354 362 per

246 394 361 425 totam
400 385 592 424 historiam
622 383 944 422 animadvertimus
980 385 1053 422 vim
1088 395 1208 423 rerum
1241 395 1362 422 nova-.

246 467 328 493 rum
374 457 418 494 de
452 454 630 503 religione
670 462 852 492 motarum
892 463 928 492 et
964 454 1273 497 vehementiorem
1322 463 1358 492 et

247 525 514 565 diuturniorem
545 523 689 570 fuisse,
734 534 845 570 quam
881 522 1050 570 illarum,
1089 533 1183 570 quae
1218 523 1265 562 ad
1301 533 1361 560 res

246 595 416 644 publicas
467 593 703 632 referuntur:
753 593 837 630 illae
876 591 1004 639 enim,
1064 592 1363 641 uniuscnjusque

248 665 446 714 opiniones
508 671 750 712 spectantes,
813 661 979 700 omnium
1029 661 1174 699 animos
1235 662 1366 700 adver·

248 743 357 781 tunt,
385 735 452 772 hae
490 744 611 780 ver0‚
658 733 703 771 ad
747 730 933 780 principes
979 730 1058 768 fere
1102 730 1202 769 solos
1253 730 1369 779 perti-

249 814 380 844 nentes
397 833 410 851 ,
432 816 498 852 per
537 804 651 842 breve
687 811 836 849 tempus
864 800 939 839 vim
965 799 1099 839 habere
1136 799 1257 837 solent
1281 799 1368 845 (ι).

254 876 355 913 Hinc
389 874 531 912 factum
546 901 559 920 ,
590 881 632 911 ut
655 870 832 920 Gregorii
853 869 951 908 facta
975 880 1041 917 per
1060 869 1137 907 duo
1162 867 1302 913 saecula
1323 867 1372 906 ad

255 943 495 982 hierarchiam
535 940 642 990 supra
692 950 839 978 omnem
881 946 1106 989 potestatem
1146 937 1372 977 evehendam

257 1014 454 1054 valuerint.
720 1045 726 1047 .
1234 1040 1238 1044 ,

307 1085 342 1123 Ε
365 1080 519 1121 narratis
548 1079 634 1118 satis
648 1078 833 1128 superque
847 1086 948 1127 patet
972 1076 1270 1122 Hildebrandum
1296 1089 1375 1116 non

264 1154 342 1194 fine
370 1152 498 1192 multis
533 1149 723 1189 aerumnis
737 1150 934 1196 multoque
959 1147 1086 1186 labore
1122 1155 1180 1186 tot
1202 1156 1379 1196 tantaque

265 1222 483 1274 perfecisse;
510 1220 570 1260 sed
601 1211 809 1258 earumdem
834 1218 1051 1268 iniuriarum
1086 1218 1252 1256 dolorem
1288 1218 1380 1256 leni-

265 1306 307 1333 re
339 1294 373 1332 ei
405 1291 543 1339 licuit,
567 1290 755 1339 reputanti
782 1287 846 1336 se,
876 1288 1109 1326 decretorum
1141 1288 1180 1327 vi
1214 1297 1251 1327 et
1270 1289 1382 1327 auda-

266 1365 353 1412 cia,
394 1371 430 1401 et
469 1361 507 1400 in
547 1360 690 1409 agendo
727 1357 962 1404 constantia,
1002 1356 1253 1406 fortitudine,
1292 1358 1383 1396 leta-

266 1436 304 1473 le
334 1434 471 1472 vulnus
504 1428 609 1467 civili
632 1417 789 1478 irnperio
828 1427 996 1465 intulisse
1014 1455 1027 1475 ‚
1053 1425 1211 1467 clericos
1240 1428 1384 1477 disper·

270 1506 330 1557 sos
369 1498 572 1542 arctissimo
605 1499 757 1538 vinculo
799 1499 916 1546 Papae
948 1481 1213 1547 conjunxisse,
1269 1507 1383 1548 atque

271 1573 460 1614 'universae
483 1568 667 1611 Ecclesiae
692 1567 862 1618 regimini
885 1567 1112 1616 despoticam
1136 1566 1293 1607 formam
1318 1570 1384 1608 de-

273 1645 392 1692 disse,
432 1644 482 1682 ita
515 1651 556 1681 ut
589 1640 772 1688 Europa,
811 1649 890 1677 non
920 1637 1024 1687 regio
1057 1637 1297 1687 Christiana,
1323 1639 1386 1679 sed

276 1717 370 1756 ditio
401 1714 568 1752 Romana
602 1709 678 1749 esse
703 1710 906 1748 videretur.
958 1708 1041 1746 Nec
1080 1707 1225 1753 minore
1263 1708 1388 1758 super-

276 1786 340 1824 bist
364 1782 590 1823 successores
610 1810 623 1829 ‚
656 1779 768 1829 ipsius
796 1777 953 1826 vestigia
990 1777 1185 1826 diligenter
1219 1790 1390 1828 premen-

278 1864 358 1902 tes,
421 1853 586 1902 gentium
630 1850 918 1899 principumque
973 1849 1166 1886 conamina
1218 1848 1390 1889 adversus

279 1924 444 1973 papalem
484 1919 755 1968 despotismum
792 1918 867 1955 alto
903 1915 1097 1964 supercilio
1126 1916 1390 1965 despexerunt.

280 1993 503 2041 Exemplum
540 1990 615 2036 ita,
644 1988 747 2037 quod
778 1986 925 2025 dederat
964 1985 1171 2034 Gregorius
1207 1987 1394 2036 pernicio?

1282 2056 1360 2096 sum
1372 2082 1393 2106 ·-,

323 2173 378 2208 (1)
398 2171 621 2202 Confer-antur,
642 2174 717 2203 quae
736 2166 774 2195 de
797 2163 886 2193 rebus
907 2161 996 2191 novis
1023 2159 1055 2189 in
1077 2160 1231 2198 religione,
1251 2161 1393 2199 universe

279 2229 371 2259 motis
390 2227 508 2263 egregie
526 2224 718 2255 ratiocinatus
736 2229 800 2257 est,
821 2220 1000 2250 Villers.
1023 2217 1123 2254 Esfin'«
1141 2220 1201 2256 sm·
1222 2218 1258 2248 la
1290 2216 1394 2252 rdsor-

279 2287 397 2314 marton
416 2285 450 2313 da
472 2284 643 2315 Luther.
663 2288 731 2319 pag.
772 2281 916 2319 xyseqq.
