1560 2860
493 261 878 307 ORATIO.
1189 260 1246 305 55

129 401 298 461 paterni
335 415 499 445 sensum
554 404 674 461 g'rata
717 401 981 459 contigerunt
1001 431 1013 453 ‚
1081 399 1144 442 vel
1194 400 1246 442 ad

130 479 336 523 honorem
374 480 512 538 ampla
531 512 542 532 ‚
574 479 678 524 haec
707 494 757 523 eo
787 478 990 535 majorem
1014 476 1116 519 mihi
1154 477 1247 519 lae-

128 556 263 601 titiam
299 555 564 615 pepererint,
608 570 693 613 quo
733 556 854 614 plura
892 554 1245 599 benevolentissi-

125 647 220 677 mae
249 633 365 677 Tuae
389 647 512 676 curae
540 633 810 677 meadebeat
839 632 1011 675 familia!

185 710 235 754 In
269 710 412 754 similis
457 717 594 754 autem
640 709 775 753 laudis
816 708 1062 753 societatem
1081 740 1093 760 ‚
1123 706 1243 753 sicuti

127 800 210 846 par
236 794 351 841 erat,
374 787 442 832 Tu
457 787 630 841 venisti,
645 801 803 831 summe
821 786 1055 831 venerande
1072 785 1123 829 de
1137 799 1243 829 nos-

127 865 277 920 traque
300 864 520 923 disciplina
547 865 764 923 praeclare
787 864 933 908 merite
962 862 1243 921 Royaard-

130 939 203 984 si!
235 941 302 984 Tu
337 941 472 994 enim,
505 941 578 997 qui
617 948 681 985 tot
719 942 857 985 bonae
888 940 980 999 spei
1009 939 1240 984 Juvenibus

131 1023 174 1061 et
216 1016 271 1060 ad
310 1016 412 1061 alias
443 1017 664 1061 doctrinae
694 1017 954 1075 theologicae
989 1023 1133 1075 partes
1160 1016 1243 1059 ad-

128 1092 376 1146 discendas,
420 1101 462 1138 et
503 1094 557 1137 ad
594 1092 817 1138 Societatis
854 1093 1116 1137 Christianae
1155 1093 1242 1137 fata

127 1168 447 1226 cognoscenda,
478 1169 586 1213 viam
615 1177 851 1214 monstrare
877 1171 1011 1222 soles,
1043 1185 1127 1213 non
1158 1171 1244 1213 mi-

127 1258 207 1289 nus
231 1252 390 1290 certam
417 1261 543 1304 quam
566 1246 789 1303 jucundam
807 1264 818 1301 3
839 1250 1110 1302 patriarum
1130 1262 1241 1304 quo-

129 1337 211 1379 que
253 1340 412 1366 rerum
447 1326 864 1380 Historiograplzis
889 1338 937 1366 ea
968 1323 1116 1367 dedisti
1143 1338 1241 1367 mo-

127 1399 214 1442 nita
240 1413 289 1442 ac
317 1399 489 1443 consilia
513 1400 837 1459 prudentissima
855 1432 867 1453 ,
898 1414 1007 1457 quae
1037 1408 1239 1458 quantum

127 1475 227 1520 Tibi
253 1476 350 1533 justi
377 1477 550 1521 honoris
578 1477 823 1531 attulerunt,
848 1484 1010 1521 tantum
1025 1476 1105 1521 illis
1121 1493 1240 1522 cmo-

128 1552 300 1596 lumenti
321 1551 502 1597 afferant
526 1561 722 1612 optamus
743 1557 751 1598 !

184 1629 271 1674 Sed
309 1644 420 1674 nunc
458 1631 536 1674 alia
582 1631 705 1674 nobis
743 1646 812 1675 res
859 1631 1122 1689 attingenda
1148 1639 1235 1685 est,

126 1721 222 1751 cum
255 1707 508 1751 Academiae
532 1708 663 1751 salute
699 1708 1071 1764 conjunctissima,
1112 1723 1239 1765 quam

123 1784 284 1828 utinam
321 1784 364 1828 in
387 1784 505 1829 laetis
531 1785 704 1842 hujusce
731 1785 830 1828 anni
857 1785 951 1829 fatis
979 1799 1241 1829 commemo-

125 1876 222 1906 rare
256 1861 390 1921 possit
425 1862 743 1915 celeberrimus,
777 1861 849 1918 qui
881 1877 980 1905 mox
1008 1862 1112 1905 mihi
1140 1876 1241 1905 suc-

129 1951 320 1982 cessurus
341 1945 427 1991 est,
459 1939 641 1983 Rector!
674 1939 860 1983 Novistis
886 1939 1020 1993 enim,
1053 1939 1240 1983 clarissi-

119 2029 240 2058 -mum
285 2023 476 2060 nostrum
517 2015 949 2061 Schroederum
994 2031 1099 2060 van
1146 2016 1243 2062 der

131 2090 303 2146 Kolk,
333 2092 437 2152 ipsis
461 2092 527 2138 his
558 2093 726 2147 diebus,
759 2094 930 2152 publica
966 2094 1240 2147 auctoritate,

130 2167 346 2214 invitatum
375 2185 490 2224 esse,
520 2170 765 2215 honorificis
800 2186 886 2215 non
922 2171 1083 2225 minus,
1117 2187 1243 2228 quam

131 2246 253 2290 lautis
288 2248 437 2305 positis
474 2248 785 2293 conditionibus
802 2282 814 2303 ,
865 2257 909 2293 ut
953 2264 1070 2302 eam,
1115 2264 1241 2305 quam

132 2322 246 2381 apud
275 2337 378 2378 nos,
410 2339 501 2369 cum
532 2326 717 2370 omnium
747 2326 1079 2385 approbatione,
1111 2339 1243 2368 occu-

1162 2416 1245 2459 pa-
