1483 2860
233 192 276 227 88
467 186 1129 228 COMMENTATlo

231 307 374 345 turpem
391 299 566 335 rationem
582 297 615 334 se
633 306 801 346 gerentes
817 297 1094 342 ,tantummodo
1106 324 1119 343 ,
1137 306 1247 334 utres
1265 297 1343 334 lau*-

231 376 289 404 tae
323 367 440 405 essent
457 395 470 414 ,
504 367 696 405 curabant.
739 366 952 414 Tantopere
975 366 1066 404 illud
1093 366 1225 404 vitium
1250 375 1340 404 tunc

232 437 488 485 grassabatur,
515 445 558 473 ut
587 435 662 483 ipse
696 436 903 484 Gregorius
936 436 974 473 in
1004 435 1172 483 epistolis
1204 435 1339 484 triplex

235 506 420 544 Simoniae
470 517 585 554 genus
633 505 833 543 recenseret
877 506 958 553 (1).
1025 506 1068 543 In
1103 506 1229 542 eodem
1275 505 1344 552 igi-

230 584 293 613 tur
314 576 454 613 Romae
481 576 644 613 concilio
660 575 828 624 ,saepius
849 584 1052 613 memorato
1069 575 1251 621 ,decretis
1275 573 1344 612 sta-

232 644 305 682 tuit
328 645 604 684 Hildebrandus
628 646 823 693 Clericos,
851 648 918 697 qui
939 658 1096 683 munera
1115 656 1210 682 auro
1237 647 1344 681 emis-

223 713 308 763 sent
331 743 344 763 ,
397 715 443 753 ab
487 716 609 754 officio
646 717 721 754 esse
758 716 1027 763 dimovendos,
1081 714 1338 753 auctoritatem

229 785 510 833 Episcoporum
525 815 538 833 ,
553 787 778 834 apostolicas
803 785 1052 824 institutiones
1074 783 1342 833 spernentium,

227 865 248 891 a
284 856 427 903 populo
462 855 540 895 esse
581 856 841 902 recusandam,
879 867 962 893 cum
992 854 1208 892 sacramenta
1236 865 1256 890 a
1286 862 1340 890 ta-

224 923 324 962 libus
361 925 606 963 administrata
637 926 739 963 omni
765 924 922 963 efficacii
946 924 1261 970 destituerentur,
1289 931 1342 961 at,-

228 1005 302 1041 que
329 994 476 1032 illorum
502 994 710 1032 benedictio
735 995 773 1032 in
803 994 1099 1032 maledictionem
1116 1022 1130 1042 ,
1158 994 1275 1031 oratio
1299 992 1338 1031 in

223 1073 415 1112 peccatum
452 1073 682 1103 verterentur
713 1066 797 1115 (2).

277 1134 481 1183 Quomodo
511 1146 599 1173 vero
627 1146 774 1183 operam
802 1135 970 1182 dederit,
1004 1144 1045 1173 ut
1075 1137 1162 1173 haec
1193 1135 1337 1173 decreta

224 1202 301 1241 vim
336 1203 542 1252 haberent,
570 1193 685 1252 eaque
716 1204 844 1243 invitis
889 1203 1164 1243 adversantibus
1199 1205 1336 1244 confir÷

223 1274 375 1324 inaverit
411 1285 452 1311 ac
480 1274 720 1325 vindicaverit
743 1286 841 1313 nunc
876 1275 1074 1314 videndum
1102 1284 1158 1313 est
1185 1276 1270 1325 (3).

1243 1427 1281 1486 s.
1295 1438 1331 1476 3.

257 1647 313 1684 (ι)
330 1649 542 1684 Epistularum
557 1669 565 1685 ,
580 1651 650 1678 Lib.
664 1652 722 1686 VI,
735 1652 825 1686 epist.
847 1660 893 1687 34·
906 1652 998 1682 conf.
1018 1654 1071 1680 An
1083 1661 1100 1682 n
1113 1662 1128 1682 a
1139 1662 1154 1682 e
1168 1654 1193 1682 C
1205 1663 1221 1681 ο
1233 1663 1259 1682 m
1270 1663 1313 1682 ue
1327 1668 1335 1676 ·

221 1713 240 1733 n
251 1712 293 1735 ae
306 1724 317 1739 ,
339 1705 511 1739 Ale-xindas
522 1727 531 1741 ,
552 1706 584 1734 in
606 1707 738 1744 Corpore
754 1709 919 1746 Historiae
938 1710 1132 1750 Byzanfinae
1144 1731 1154 1746 ,
1177 1711 1197 1739 P
1208 1711 1331 1752 hilip.

218 1761 393 1798 Labbei,
413 1763 481 1791 Lib.
500 1764 524 1793 1.
541 1771 608 1798 pag.
630 1771 678 1799 31.
910 1754 912 1757 ’

253 1817 306 1855 (α)
328 1819 400 1847 Vid.
430 1819 519 1853 hujus
543 1820 668 1848 concilii
698 1823 819 1850 decreta
841 1821 872 1849 in
895 1824 986 1857 Acris
1010 1825 1214 1855 Camillorum
1234 1826 1330 1854 Har·

218 1867 238 1905 d
254 1868 362 1904 uini,
389 1870 481 1909 Toni.
503 1873 561 1904 VI,
578 1875 655 1900 Part.
676 1874 708 1908 1,
730 1882 797 1910 pag.
830 1882 914 1908 15²2·
948 1876 993 1909 Ex
1014 1878 1068 1903 hac
1095 1877 1247 1904 sanctione
1275 1886 1328 1906 ex-

212 1923 387 1957 plicandum
432 1935 495 1961 est,
532 1935 642 1962 tantam
675 1929 738 1958 vim
773 1916 909 1960 habuisse
943 1934 1070 1967 Grego
1084 1933 1136 1961 rii
1184 1935 1323 1971 decreta,

215 1990 284 2019 eum
302 1991 387 2010 antea
405 1985 605 2023 Imperatores
627 1987 818 2022 Germanici,
837 1989 965 2016 maxime
985 1990 1182 2018 chricus
1201 1992 1248 2019 111
1264 2012 1274 2025 ‚
1295 1972 1329 2022 et

211 2041 431 2074 praecedentes
453 2043 548 2076 Papae
575 2041 727 2070 simoniam
751 2045 859 2072 tollere
886 2045 994 2073 frustra
1023 2047 1197 2076 tentassent.
1237 2048 1327 2089 Nun-c

212 2096 294 2124 enlm
321 2097 444 2133 clerici,
486 2100 680 2133 Gregorii
712 2101 842 2129 decretis
867 2110 1088 2137 repugnantes,
1115 2112 1235 2134 omnem
1265 2105 1328 2134 vim

211 2153 418 2194 auctoritatem
441 2161 472 2182 et
498 2155 666 2190 potentiam
693 2156 723 2184 in
741 2158 835 2186 laicos
859 2160 1004 2187 continuo
1034 2160 1218 2189 amittebant.
1307 2144 1311 2147 -

253 2210 305 2244 (3)
329 2211 414 2240 Hunc
438 2212 577 2240 ordinem
608 2212 789 2250 sequentes,
807 2216 1045 2245 Planckium
1083 2218 1190 2247 ducem
1222 2218 1326 2248 habui·

208 2269 286 2297 mus.
