1483 2860
271 199 945 249 MATHEMATICA.
1116 209 1165 251 ³7

54 331 144 360 cava
173 328 294 366 neque
324 324 517 362 convexa,
543 319 580 350 ct
599 309 734 349 dicitur
745 308 789 356 se
810 309 1007 359 inflectere.
1039 307 1161 356 Quam

57 389 108 427 ob
145 386 288 426 causam
327 393 507 434 punctum
548 388 743 420 contactus
770 378 821 418 M
847 377 936 427 (fig.
963 378 1010 424 6)
1035 376 1162 424 appel-

55 459 153 496 latur
194 465 373 509 punctum
412 451 631 500 inflexionis.
698 449 827 487 Hocce
862 447 946 487 casu
988 453 1046 483 est
1083 454 1162 482 tan-

58 537 176 576 gens,
235 536 330 573 quae
361 532 512 560 curvam
543 529 579 558 et
608 518 726 567 tangit
766 526 802 555 et
843 516 937 555 secat
975 515 1042 564 1),
1097 526 1162 562 pa—

55 597 178 635 tauela
213 594 273 633 axi
307 590 561 630 abscissarum.
615 590 680 628 Sin
718 598 806 626 vero
841 595 982 635 quotus
1014 583 1163 624 secundi

57 664 200 704 ordinis
237 669 461 708 evanescat,
498 670 575 698 non
607 666 868 699 evancescente
901 663 1019 703 quoto
1054 653 1164 701 primi

59 734 227 781 ordinis,
264 741 418 781 tangens
453 731 539 778 (fig.
575 741 597 777 7
643 737 681 766 et
714 729 758 776 8)
785 721 958 765 inclinata
990 724 1028 762 in
1061 734 1166 762 axem

60 803 326 850 abscsssamm,
352 799 469 849 tangit
495 809 531 837 et
553 797 649 836 secat
679 807 755 836 uno
781 797 984 845 eodemque
1004 803 1168 831 momen-

63 909 105 940 to
133 909 299 938 curvam.
328 896 458 935 Curva
482 893 595 942 igitur
623 891 721 931 subit
747 891 978 933 inflexionem
998 915 1012 935 ‚
1038 887 1063 927 fi
1097 855 1172 957 ἓξ

63 1013 145 1041 non
167 1007 359 1039 evanescat
375 1026 387 1045 ‚
415 997 474 1035 vel
498 993 694 1044 generatim
711 1021 725 1041 ‚
752 991 778 1031 si
802 990 943 1040 primus
968 996 1172 1041 quotorum

69 1069 393 1115 differentialium‚
422 1066 486 1114 qui
511 1075 587 1103 non
617 1069 834 1108 evanescat,
862 1059 906 1098 fit
932 1058 1072 1097 ordinis
1106 1057 1174 1094 im-

72 1141 199 1191 paris,
224 1141 333 1188 cujus
367 1135 494 1174 ordine
528 1133 620 1172 ordo
656 1129 867 1170 inflexionis
898 1137 956 1170 est
978 1126 1178 1166 demetien-

71 1211 159 1249 dus.
210 1209 279 1247 Per
301 1206 409 1244 semet
427 1203 544 1252 ipsum
571 1210 699 1251 patet,
727 1199 753 1238 fi
779 1199 905 1237 hiccce
936 1206 1076 1244 quotus
1112 1195 1180 1232 im-

72 1279 171 1327 paris
209 1264 351 1315 ordinis
378 1272 589 1321 uagativum
622 1271 783 1308 valorem
819 1266 1058 1314 assequatur,
1097 1275 1181 1301 cur-

74 1361 157 1388 vam
181 1347 257 1386 esse
283 1350 689 1384 concavo-convexam
714 1336 802 1386 (fig.
832 1338 901 1388 733
930 1334 981 1372 fin
1001 1345 1092 1379 vero
1114 1344 1183 1381 po-

74 1419 248 1465 sitivum,
272 1425 462 1454 convexo·
477 1420 674 1449 concavam
698 1407 783 1456 (fig.
813 1406 876 1452 8).
927 1402 1088 1454 Quando
1110 1401 1186 1450 pri-

79 1493 163 1528 mus
186 1494 327 1534 quotus
344 1512 358 1530 ‚
386 1482 452 1531 qui
473 1491 552 1518 non
578 1477 763 1517 evanescit
777 1503 790 1523 ,
818 1483 875 1512 est
891 1473 1031 1511 ordinis
1055 1473 1153 1520 paris
1170 1500 1183 1519 ‚

82 1569 140 1597 est
171 1566 285 1595 curva
321 1554 367 1591 ad
404 1551 552 1589 eandem
579 1556 719 1596 partem
744 1543 927 1591 tangentiS
963 1541 1029 1583 fita
1056 1553 1092 1580 et
1125 1552 1189 1582 an-

83 1638 121 1666 te
157 1635 194 1664 et
228 1632 316 1674 post
357 1628 536 1671 punctum
569 1612 961 1663 contactus‚nihilque
993 1610 1190 1649 observatu

81 1698 233 1745 dignum
264 1691 397 1738 offert,
423 1699 460 1728 et
482 1697 597 1726 curva
620 1683 694 1734 ipsa
725 1684 763 1721 in
789 1683 904 1720 hocce
933 1689 1073 1730 puncto
1103 1678 1196 1718 dici-

85 1775 149 1806 tur
174 1766 353 1815 serpere,
394 1767 430 1797 et
471 1764 651 1807 punctum
685 1761 879 1790 contactus
909 1757 1085 1799 punctum
1111 1747 1196 1795 ser-

83 1833 305 1888 pentcmenti
326 1829 456 1879 (point
485 1827 530 1865 de
558 1821 860 1873 serpentement).

139 1905 240 1944 Cum
262 1901 398 1950 figurae
425 1911 446 1947 7
479 1907 515 1935 et
544 1897 563 1934 8
590 1893 864 1942 inspiciantur,
907 1896 1007 1937 patet
1040 1895 1199 1935 quotum

92 1969 147 2030 d-Z-
180 2000 242 2038 vel
270 2004 475 2045 tangentem
519 1986 856 2040 trigononietricam
896 1984 1048 2032 anguli,
1087 1994 1198 2036 quem

98 2034 150 2075 dx

98 2105 251 2144 tangens
277 2101 411 2130 curvae
425 2100 512 2127 cum
530 2099 597 2130 axe
622 2082 866 2124 abscissarum
893 2080 982 2119 facit
1001 2107 1014 2127 ‚
1037 2079 1074 2117 in
1098 2078 1160 2127 fig.
1179 2090 1203 2126 7

102 2165 179 2205 esse
200 2161 400 2202 Minimum
417 2187 430 2208 ,
457 2167 493 2196 et
520 2157 558 2195 in
580 2157 644 2208 fig.
671 2157 691 2193 8
711 2152 787 2195 esse
812 2150 1038 2193 Maximum.

1134 2215 1214 2264 AC}

145 2305 177 2341 1)
198 2302 289 2333 Cons-
311 2300 339 2337 S·
364 2309 392 2334 3·
