1483 2860
223 275 298 324 156
441 271 1110 321 COMMENTATto

217 382 529 431 quemadmodum
575 390 682 421 antea
718 381 758 419 in
795 380 969 419 omnibus
1009 379 1126 419 causis
1165 379 1330 427 fecerat,

215 452 277 494 hic
313 463 467 499 quoque
496 450 595 500 regis
623 449 772 489 nomine
810 448 898 487 usus
938 457 1009 487 est.
1071 447 1212 487 Mirum
1244 457 1332 495 est,

215 521 559 568 Gulielmum‚
600 519 747 558 lubrico
785 531 827 557 ac
859 518 937 559 fere
978 519 1173 568 desperato
1207 528 1332 556 rerum

214 590 336 638 statu,
364 599 508 628 tantum
539 601 639 638 opus
674 589 779 628 etiam
821 587 1048 638 suscepisse,
1087 588 1196 637 cujus
1230 586 1334 626 fruc·

212 671 275 699 tus
306 659 472 699 fortassis
508 659 583 709 ipse
617 670 695 698 non
736 659 889 698 videret.
955 658 1096 696 Verum
1129 658 1218 695 baec
1255 665 1332 694 erat

213 731 342 770 excelsi
373 730 535 768 hominis
574 729 741 776 indoles,
769 737 812 766 ut
832 727 958 766 causae
982 726 1065 765 suae
1086 726 1231 776 justitia
1255 725 1333 764 ful-

210 809 273 838 tus
288 827 302 846 ‚
325 800 504 848 optimam
531 799 673 848 semper
704 799 743 836 in
766 808 920 850 pectore
955 797 1053 846 spem
1076 796 1223 835 foveret
1251 807 1332 834 orn-

209 869 347 918 niaque
372 869 576 918 susciperet
595 896 610 916 ,
638 878 733 917 quae
766 868 905 917 patriae
930 866 1013 905 suae
1049 865 1247 917 profutura
1272 866 1332 904 vi·

213 938 339 977 debat.

259 1009 411 1047 Interim
437 1019 546 1046 omne
559 1007 714 1046 omnino
726 1006 894 1056 Belgium
919 1005 1019 1045 bello
1035 1007 1196 1054 gerendo
1217 1006 1331 1047 tantis

207 1079 479 1117 calamitatibus
493 1077 668 1119 affectum
693 1086 768 1115 erat
784 1105 797 1125 ,
813 1087 853 1114 ut
866 1087 995 1114 omnes
1010 1087 1124 1125 magls
1135 1075 1329 1125 magisque

208 1160 334 1197 pacem
363 1148 583 1197 flagitarent.
658 1147 864 1196 Imperator
893 1145 1083 1184 Maxim
1101 1145 1328 1194 ilianus,

208 1218 334 1268 Belgis
358 1220 556 1257 admodum
584 1217 779 1267 prolixus,
812 1216 837 1254 S
852 1228 922 1254 wa
937 1225 982 1253 rt
997 1227 1051 1252 ze
1065 1226 1089 1252 n
1103 1215 1126 1252 b
1140 1215 1239 1263 ergi
1254 1229 1276 1254 u
1291 1227 1328 1254 m

207 1290 246 1327 in
261 1289 426 1339 Belgium
444 1287 586 1326 miserat
601 1316 614 1335 ‚
631 1296 674 1325 ut
688 1298 759 1335 pax
781 1296 902 1334 regem
927 1284 1024 1323 inter
1038 1294 1074 1322 et
1087 1285 1216 1334 Belgas
1238 1295 1330 1322 con-

207 1359 412 1397 ciliaretur.
455 1358 657 1404 Utrimque
670 1354 781 1405 legati
818 1365 1087 1393 convenerunt.
1128 1355 1328 1393 Guliel-

207 1441 311 1468 mus
336 1440 422 1467 cum
453 1426 675 1466 Hollandiae
702 1436 738 1463 et
772 1425 989 1463 Zeelandiae
1024 1424 1232 1462 Ordinibus
1257 1423 1332 1468 tria*

206 1501 462 1549 postularunt.
517 1496 708 1542 Primum,
738 1505 780 1532 ut
810 1495 1060 1542 Hispanorum
1091 1495 1221 1543 copiae
1245 1495 1327 1533 Bel·

206 1569 269 1619 gio
296 1575 578 1615 revocarentur3
608 1565 741 1603 deinde
766 1573 808 1603 ut
837 1565 998 1603 Ordines
1014 1564 1214 1603 Generales
1235 1576 1326 1603 con-

207 1638 404 1686 venirent3
423 1636 583 1684 denique
599 1645 640 1673 ut
663 1635 702 1672 in
715 1634 825 1673 sacris
846 1633 1034 1683 cogitandi
1057 1635 1209 1673 libertas
1235 1646 1327 1673 con·

205 1709 414 1748 cederetur.
471 1707 609 1744 Verum
633 1717 715 1743 cum
747 1705 834 1742 haec
870 1704 939 1742 tria
965 1704 1061 1753 regis
1093 1705 1257 1745 consiliis
1289 1715 1326 1744 et

206 1779 451 1832 opinionibus
491 1776 642 1826 prorsus
680 1775 798 1814 essent
824 1774 970 1813 adversa
986 1803 998 1819 ‚
1027 1774 1164 1813 frustra
1189 1776 1235 1814 de
1262 1788 1326 1824 pa-

204 1863 248 1889 ce
283 1859 406 1888 actum
435 1856 505 1886 est.
560 1848 661 1885 Ante
697 1844 847 1892 onmia,
886 1845 990 1892 quod
1027 1844 1073 1882 ad
1107 1844 1322 1893 religionem

205 1919 441 1970 pertinebat,
479 1926 552 1954 tam
591 1915 738 1953 firmum
779 1922 815 1951 et
849 1913 1077 1950 immutabile
1112 1922 1188 1951 erat
1224 1914 1322 1962 regis

204 1992 422 2036 decretum4
445 1996 487 2024 ut
510 1996 638 2023 omnes
667 1985 793 2032 Belgas
821 1982 958 2020 viritim
982 1983 1152 2031 jugulare
1169 2011 1182 2030 ,
1212 1995 1321 2031 quam

205 2071 340 2100 novam
376 2056 581 2097 doctrinam
619 2054 812 2094 admittere
839 2053 963 2092 mallet
985 2054 1070 2104 (ι).

1227 2107 1263 2153 §.
1281 2108 1321 2145 6.

244 2187 298 2224 (ι)
320 2185 391 2213 Vid.
411 2186 464 2213 De
482 2181 643 2216 Tussis,
664 2182 760 2217 0121.
779 2189 932 2217 pag.192.
960 2199 994 2205 -
1016 2182 1108 2210 Bor.
1132 2182 1190 2217 Op.
1212 2183 1234 2211 1.
1247 2182 1318 2212 Lib.

208 2244 290 2273 vm.
321 2243 378 2272 fol.
406 2246 455 2278 84.
483 2241 550 2276 sqq.
592 2254 626 2262 -
666 2238 822 2272 Hoofz,
845 2239 903 2274 Op.
940 2239 961 2267 1.
995 2246 1063 2273 pag.
1095 2248 1164 2275 414.
1192 2239 1255 2274 sqq.
1283 2254 1320 2262 —

208 2301 401 2334 Grotius,
437 2300 495 2335 Op.
518 2301 540 2327 1.
566 2305 631 2333 pag.
659 2305 707 2333 44.
735 2308 783 2317 —
817 2296 920 2325 Leven
943 2302 1002 2324 cet.
1027 2295 1066 2324 11.
1094 2303 1160 2332 pag.
1193 2304 1260 2332 533.
1281 2310 1320 2321 -

207 2362 245 2390 W
258 2367 300 2396 ng
334 2360 394 2394 Op.
414 2356 500 2388 Libr.
519 2356 594 2385 vu.
615 2363 683 2391 pag.
703 2362 749 2388 25.
768 2354 811 2389 sq.
