1483 2860
360 189 1009 234 INTRoDucmuo
1231 204 1259 240 Τ

140 303 252 343 modo
289 312 346 341 est
387 301 550 350 gravius.
601 299 761 350 Quando
799 297 914 346 igitur
942 301 1035 337 hanc
1068 299 1255 339 relativam

137 373 380 423 quantitatem
411 370 617 408 examinare
649 369 852 415 volumus,
881 378 1022 406 acetum
1050 370 1259 407 examinan-

134 445 226 482 dum
270 454 353 481 cum
392 440 495 478 alcali
534 439 695 487 quodam
737 437 897 476 saturare
930 437 1134 483 debemus,
1181 450 1258 492 quo

134 513 252 562 major
293 509 391 549 enim
432 508 545 557 hujus
585 507 772 555 quantitas
800 507 1008 555 requiritur
1045 507 1091 544 ad
1133 508 1259 554 plena·

133 582 222 620 riam
259 579 355 619 aceti
389 577 680 625 saturationem,
721 588 765 615 eo
788 579 907 625 plus:
925 576 1021 615 acidi
1051 575 1180 614 acetici
1213 575 1253 615 in

137 663 182 690 eo
226 649 468 697 continetur;
514 648 748 696 (dummodo
785 646 969 697 ejusmodi
1003 654 1146 684 acetum
1183 646 1257 683 alio

131 720 240 760 acido
281 730 360 758 non
400 717 446 757 fit
483 717 769 765 adulteratum).
822 717 1010 762 Acetum,
1050 715 1154 763 quod
1182 715 1257 764 jam

133 801 248 839 0,07
282 789 337 829 sui
366 789 544 838 ponderis
581 796 721 837 partem
760 785 1043 825 subcarbonatis
1086 785 1254 834 potassae

131 859 288 909 anhydri
308 859 466 898 saturare
488 859 586 898 valet
608 857 773 905 optimae
790 884 804 903 ,
832 856 935 903 quod
965 864 1110 894 tantum
1133 865 1258 904 0,055

136 930 197 968 vel
230 930 326 976 0,06
355 927 510 966 minoris
539 926 698 965 habetur
727 934 839 963 notae
867 926 927 973 1).
1066 970 1067 974 Ἰ

186 998 455 1038 Difficillimum
481 1005 604 1037 autem
631 1004 689 1035 est
704 1004 828 1034 exacte
854 994 1123 1041 determinare,
1146 1005 1257 1043 quae-

135 1080 218 1107 nam
243 1068 288 1108 fit
313 1068 500 1117 quantitas
525 1065 806 1106 subcarbonatis
828 1064 995 1115 potassae
1011 1094 1025 1114 ,
1048 1073 1152 1103 certo
1177 1076 1261 1104 ace·

133 1139 162 1176 ti
183 1139 347 1187 pondere
382 1137 587 1187 saturatae3
615 1138 689 1176 hoc
717 1122 806 1176 v'ero
845 1136 1164 1185 experimentum,
1201 1136 1258 1174 sc-

133 1207 298 1246 cundum
331 1208 660 1256 Berzelium,
695 1208 836 1256 optime
862 1206 1030 1255 sequenti
1056 1206 1168 1245 modo
1202 1205 1260 1244 in·

133 1276 281 1314 stituere
313 1276 540 1325 possumus:
589 1278 754 1317 sumatur
786 1276 926 1316 scilicet
963 1276 1078 1315 tubus
1115 1275 1256 1315 vitreus

132 1346 172 1385 in
207 1346 334 1395 plures
363 1348 497 1394 gradus
534 1346 703 1394 divisus,
730 1346 931 1395 impleatur
958 1347 1003 1383 ad
1029 1354 1166 1384 certam
1191 1355 1258 1383 us.

135 1427 210 1462 que
249 1416 482 1454 altitudinem
526 1415 718 1454 volumine
761 1415 1005 1453 determinato
1054 1414 1259 1455 ammoniae

136 1484 300 1532 liquidae
314 1484 524 1530 causticae,
541 1485 666 1531 quoad
683 1485 835 1532 pondus
846 1483 1058 1532 specificum
1077 1492 1115 1522 et
1142 1495 1263 1533 quan·

130 1553 273 1591 titatem
310 1552 516 1590 ammoniae
557 1558 755 1590 contentae
799 1551 895 1590 bene
936 1552 1123 1600 cognitae.
1187 1552 1255 1591 Li?

132 1634 231 1671 quor
250 1622 289 1661 in
311 1622 405 1660 tubo
428 1622 501 1671 J'am
525 1632 611 1659 cum
631 1629 732 1660 tanta
752 1621 866 1661 infusi
893 1621 1112 1671 heliotropii
1137 1634 1254 1671 quan-

134 1692 239 1731 titate
273 1691 495 1737 misceatur,
531 1699 695 1738 quanta,
732 1691 778 1729 ad
812 1691 966 1731 fluidum
1002 1694 1130 1731 colore
1162 1703 1253 1741 pro·

134 1762 249 1801 funde
283 1764 457 1800 coeruleo
498 1761 764 1810 tingendum,
796 1760 953 1801 sufficit:
1007 1762 1081 1801 hoc
1121 1761 1251 1812 facto,

133 1842 305 1881 acetum,
330 1832 454 1881 parvis
475 1832 583 1871 semel
606 1831 791 1881 simulque
815 1832 1112 1882 quantitatibus,
1128 1832 1251 1882 liquo-

135 1904 167 1942 ri
199 1903 437 1950 affundatur,
486 1904 604 1941 donec
641 1902 755 1952 hujus
795 1904 904 1942 color
938 1902 1104 1952 perfecte
1140 1903 1254 1957 rubet·

136 1972 308 2020 evaserit3
339 1981 454 2019 tunc,
482 1981 509 2012 e*
538 1971 620 2010 tubi
646 1972 850 2023 gradibus,
875 1973 1120 2022 cognoscitur
1141 1967 1253 2012 volu'-

136 2053 220 2082 men
248 2042 340 2081 aceti
364 2034 518 2081 adhibit‘i
535 2072 548 2092 ,
576 2052 612 2081 et
639 2055 659 2082 e
692 2042 896 2093 quantitate
917 2043 1119 2082 ammoniae
1153 2043 1251 2084 satu-

1196 2125 1254 2153 ra-

175 2209 210 2244 1)
225 2210 252 2245 J.
275 2211 303 2247 J.
330 2210 376 2239 Be
390 2209 572 2247 melius,
596 2211 759 2242 Lehrbueh
779 2210 835 2243 der
856 2209 1001 2248 Chemie,
1027 2211 1138 2240 Dresd.
1163 2211 1248 2241 1828.

142 2268 222 2296 nand
242 2265 298 2296 111.
321 2268 353 2296 S.
379 2268 465 2303 1069.
496 2282 500 2285 ·
