1483 2860
212 285 302 323 Α154.
450 268 1118 312 COMM'ENTATIO

226 381 405 422 Ordines-
429 380 651 419 Hollandiae
700 387 737 417 te
786 379 1004 418 Zeelandiae
1045 376 1338 418 R-oterodam'um

224 450 450 490 convocavit
470 459 583 497 atque
610 460 695 487 cum
719 448 766 487 iis
788 450 833 491 de
861 449 1012 497 patriae?
1029 446 1270 493 defenfione‚
1297 446 1343 485 de

223 521 363 560 aerario
393 519 653 568 suffragando,
680 520 726 564 de
749 518 941 566 Lugduno
967 517 1163 559 obfidione
1183 516 1343 556 liberan-

224 592 273 628 do
290 619 307 639 ‚
333 590 491 637 aliisque
524 589 569 627 de
591 589 709 633 caufis
736 588 888 629 confilia
916 589 1000 631 iniit
1024 588 1108 638 (ι).

277 661 393 701 Cives
431 659 699 709 Lugdunenses
740 660 830 699 mira
879 659 1028 708 quidem
1063 655 1266 696 constantia
1300 665 1344 694 ac

225 729 448 768 fortitudine
480 729 610 768 urbem
648 738 779 767 contra
811 729 978 768 hostium
997 728 1159 777 impetus
1193 725 1346 765 tueban-

223 808 315 848 tur;
355 799 416 838 sed
451 807 552 837 tanta
576 799 701 837 victus
734 810 819 840 cum
856 798 996 837 summa
1034 796 1185 836 caritate
1222 795 1347 834 aderat

223 870 377 918 inopia,
416 879 458 909 ut
500 869 592 908 urbs
627 869 774 918 jamjam
822 868 862 906 in
906 866 1074 906 hostium
1119 873 1345 914 potestatem

223 940 422 985 transitura
462 941 663 983 videretur.
1083 974 1088 978 .

276 1009 568 1047 Gulielmus
612 1007 678 1046 fibi
723 1008 841 1056 probe
878 1005 1084 1054 conscius,
1122 1004 1242 1046 totius
1277 1003 1348 1042 rei-

224 1080 397 1129 publicae
428 1079 578 1118 salutem
616 1090 701 1117 cum
738 1079 852 1128 hujus
885 1077 989 1115 urbis
1014 1076 1167 1114 fortuna
1189 1073 1349 1113 arctisfi-

225 1163 284 1189 me
307 1151 514 1189 devinctam
537 1150 636 1196 esse,
666 1160 734 1197 pet
753 1149 877 1186 literas
895 1146 1032 1185 civium
1057 1146 1232 1183 virtutem
1257 1155 1349 1182 con-

225 1221 367 1260 firmare
394 1233 589 1268 novasque
630 1219 837 1258 liberandae
873 1216 975 1254 urbis
1008 1216 1169 1252 rationes
1198 1211 1349 1261 excogi-

224 1301 302 1346 tare
337 1291 567 1339 summopere
603 1299 760 1327 conatus
804 1298 877 1325 est.
947 1285 1127 1324 Hostium
1165 1284 1349 1322 exercitus

227 1361 355 1400 urbem
383 1371 484 1399 tanta
511 1361 550 1398 vi
583 1358 864 1397 circumsederat
881 1386 895 1405 .‚
923 1356 1112 1404 tantisque
1140 1355 1348 1394 munimen-

228 1431 276 1469 tis
304 1430 379 1480 ipse
405 1431 706 1469 circumvallatus
733 1437 834 1475 erat,
860 1437 900 1466 ut
921 1429 966 1465 de
995 1427 1086 1464 urbe
1107 1425 1236 1473 repelli
1257 1435 1350 1472 pos-

227 1501 263 1539 se
294 1502 357 1539 vix
387 1501 591 1538 videretur.
644 1500 686 1537 In
719 1509 821 1535 tanto
852 1509 971 1534 rerum
1010 1495 1223 1534 discrimine
1247 1495 1351 1534 nulla

228 1571 378 1621 prorsus
415 1570 544 1609 salutis
578 1569 635 1607 via
671 1570 880 1617 supererat,
911 1579 1020 1615 quam
1051 1567 1182 1614 quod,
1209 1565 1353 1613 aggeri-

228 1642 302 1679 bus
337 1641 530 1690 proruptis
556 1669 568 1687 ·.·
593 1638 812 1678 fluctuantis
837 1637 948 1675 maris
981 1637 1099 1675 undae
1135 1636 1173 1673 in
1203 1636 1350 1674 hostem

229 1711 529 1750 immitterentur.
586 1712 831 1758 Desperatum
867 1707 951 1746 sane
989 1707 1157 1746 facinus!
1201 1707 1240 1745 in
1275 1718 1356 1755 quo

228 1792 352 1821 tamen
387 1782 494 1820 unica
526 1781 663 1829 patriae
684 1781 776 1818 salus
806 1788 882 1817 erat
906 1777 1038 1826 pofita.
1081 1778 1218 1826 Neque
1242 1761 1354 1817 even·

231 1863 292 1891 tus
338 1852 436 1900 spem
470 1851 619 1891 fefellit.
685 1851 812 1896 Nam,
849 1858 1051 1897 postquam
1079 1858 1175 1886 terra
1210 1848 1353 1896 ubique

232 1923 342 1961 undis
362 1923 453 1961 esset
469 1922 610 1959 imbuta
624 1951 635 1967 ,
651 1920 769 1959 Guii
785 1921 829 1957 el
845 1931 878 1956 m
895 1931 917 1956 u
932 1931 949 1956 s
977 1920 1245 1957 Zeelandorum
1261 1921 1356 1957 clas·

231 1993 331 2041 sem,
356 1994 450 2032 duce
478 1992 746 2035 Boisotio,
773 1991 811 2027 iu
838 1990 968 2026 hostes
990 1988 1086 2027 misit
1104 2018 1117 2036 ,
1146 1989 1359 2037 urbemque.

231 2073 320 2113 post
352 2063 450 2100 varia
482 2062 743 2110 impedimenta
781 2059 920 2109 ingenti
957 2060 1083 2098 labore
1119 2069 1154 2097 et
1184 2059 1354 2099 constan·

236 2134 286 2173 tia
323 2132 480 2171 servavit
510 2133 598 2181 (2).
629 2131 816 2180 (secundo
844 2130 951 2169 Nou.
977 2130 1066 2169 Oct.
1105 2131 1239 2179 ¹574)-

1285 2182 1357 2221 Ita-

272 2263 325 2301 (1)
348 2262 416 2290 Vid.
441 2259 604 2293 n0r‚op.
626 2258 690 2286 Lib.
715 2260 779 2287 vu.
802 2260 858 2288 fol.
888 2268 933 2293 25.
958 2259 1054 2294 sq.—
1075 2259 1224 2294 Hoost‚
1255 2261 1312 2296 Op.
1326 2261 1349 2288 Ι.

239 2329 306 2358 pag.
328 2323 391 2354 573·
423 2319 466 2354 sq.
506 2334 533 2340 -
559 2319 659 2346 Leven
694 2325 749 2346 cet.
776 2316 813 2343 11.
833 2324 897 2350 pag.
918 2318 985 2351 438.
1009 2315 1054 2349 sq.

274 2378 327 2415 (2)
349 2376 419 2406 Vid.
450 2377 501 2404 De
537 2375 688 2410 Tussis,
737 2375 797 2410 Op.
828 2381 895 2409 pag.
930 2379 992 2408 ¹91·
1024 2372 1067 2407 sq.
1106 2381 1151 2391 —·
1191 2370 1354 2405 Viglius

1323 2427 1359 2455 ad
