1560 2860
434 291 899 330 ORATIONEM.
1164 295 1223 343 87

115 400 199 439 Deo
223 406 345 438 creato
370 409 539 451 enervare
565 400 689 439 conati
703 408 791 439 sunt
816 410 899 438 cum
923 399 956 444 E
970 411 994 449 p
1009 399 1053 438 ic
1067 411 1091 439 u
1106 411 1122 438 r
1135 411 1159 440 u
1171 411 1190 440 s
1202 428 1218 450 ,

113 478 192 508 tum
218 469 300 507 Fic
315 468 388 506 hti
405 479 471 508 us.

159 603 260 655 Pag.
291 607 351 644 18.
378 605 473 655 (14)
501 604 584 642 Viri
606 602 797 642 clarissimi
823 603 1018 643 innuebam
1035 613 1119 641 cum
1142 614 1222 643 ora-

111 674 247 714 tionem
263 703 276 723 ,
302 675 347 714 de
370 684 499 714 nostra
522 676 727 724 cognitione
753 674 871 712 animi
895 681 1115 723 comparata
1139 685 1223 711 cum

104 746 308 795 cognitione
320 757 448 783 rerum
462 754 722 796 corporearum
738 758 754 792 ‚·
774 744 835 792 (in
859 742 1070 782 Annalibus
1093 741 1219 782 Acad.

107 814 511 865 Rheno-Trajectinae
526 842 540 862 ,
570 826 606 853 a.
638 814 909 863 1823—1824)
934 822 1014 851 tum
1037 823 1226 851 commen-

110 884 309 922 tationem:
351 883 451 922 Over
493 883 564 922 den
599 882 703 922 aard
748 882 816 921 der
862 881 1070 921 Zielkunde
1100 894 1144 919 cn
1175 880 1221 920 do

100 954 272 1003 *werking
293 952 361 991 der
375 952 658 1003 terugrocpende
678 951 1099 1002 Verbealdingskracht;
1127 962 1222 999 quae

110 1023 308 1072 praemissa
325 1032 381 1061 est
404 1022 428 1060 S
441 1034 461 1060 c
475 1023 499 1060 h
516 1034 538 1060 u
551 1024 562 1061 l
575 1035 598 1060 z
612 1022 646 1060 ii
671 1023 772 1070 operi
786 1022 1055 1071 psychologico
1072 1050 1086 1070 ,
1101 1021 1226 1070 quod,

97 1093 148 1142 ,in
177 1102 340 1131 nostram
372 1092 534 1141 linguam
556 1104 576 1130 a
603 1093 705 1130 doct.
740 1100 776 1129 et
797 1103 882 1130 ven.
909 1091 1088 1130 Riehrn
1127 1101 1219 1131 con-

110 1173 253 1200 versum
267 1189 282 1209 ,
319 1162 480 1199 dicitur:
510 1159 808 1209 Menschkundc,
829 1170 902 1200 met
930 1159 1148 1211 botrekking·
1168 1168 1225 1200 tot

110 1231 155 1270 de
176 1231 277 1280 ziel‚·
308 1230 451 1271 Bomel.
479 1232 591 1279 1829.

158 1369 258 1420 Pag.
289 1380 349 1418 19.
377 1367 470 1419 (15)
498 1368 555 1407 De
581 1367 687 1406 Ana
702 1378 757 1414 xa
771 1378 887 1416 gora
902 1394 915 1414 ,
940 1373 1083 1415 praeter
1104 1366 1219 1416 vulgo

103 1447 217 1477 notos
253 1438 476 1485 scriptores,
513 1436 642 1485 dignae
663 1445 752 1474 sunt
768 1464 782 1484 ,
817 1447 910 1484 quae
946 1436 1217 1484 consulantur,

104 1507 339 1546 doctissimae
359 1507 464 1545 binae
485 1506 815 1545 commentationes
841 1507 953 1555 ampl.
982 1505 1040 1544 Hi
1053 1517 1165 1546 eron
1178 1518 1225 1556 y-

105 1578 169 1616 mi
197 1579 250 1616 de
278 1577 456 1624 Vries,
487 1587 579 1624 quae
610 1577 648 1616 in
679 1587 789 1624 opere
818 1577 1085 1623 inveniuntur,
1111 1588 1132 1615 a
1163 1577 1215 1616 cl.

106 1657 190 1686 ten
226 1647 379 1685 Brink
413 1642 533 1685 edito:
573 1645 795 1684 Bibliotheek
829 1657 905 1685 van
939 1645 1028 1684 ouda
1065 1644 1217 1685 Lattar-

98 1716 250 1771 ,kunde‚
278 1716 330 1755 T.
358 1716 388 1755 I.
420 1728 460 1764 p.
491 1726 560 1764 351
586 1727 670 1764 sqq.
699 1724 735 1754 et
759 1727 800 1764 p.
822 1725 900 1764 475
919 1727 1007 1764 sqq.
1023 1736 1077 1746 -·
1101 1715 1218 1767 Quod

104 1796 223 1826 autem
245 1786 320 1825 dixi
334 1813 347 1832 ‚
361 1785 634 1835 Anaxagoram
646 1787 813 1837 primum
824 1786 947 1835 fuisse
958 1815 972 1834 ,
985 1789 1052 1836 qui
1069 1809 1123 1817 —-
1140 1787 1220 1825 cla-

100 1869 144 1908 ‚re
172 1855 314 1894 videret
351 1867 396 1894 ac
421 1855 610 1894 subtiliter
649 1842 948 1906 demonstrarem
993 1868 1103 1896 nemo
1136 1858 1219 1907 jure

105 1928 195 1966 mihi
220 1926 490 1964 Thaletem
518 1925 668 1976 objiciet
686 1954 700 1974 ,
729 1913 1104 1977 qui‚siVe1*lejo
1125 1928 1219 1977 Epi·

35 2036 40 2044 ,
94 2009 244 2045 ,ειη-θα,
271 2008 332 2045 ap.
357 1997 461 2036 Cic.
495 1996 539 2034 de
561 1996 621 2035 N.
647 1996 703 2036 D.
726 1998 757 2036 I.
785 2009 860 2045 10,
887 1997 977 2037 fides
1002 1999 1052 2036 sit
1081 1998 1219 2038 haben-

95 2069 175 2117 ¹>da,
200 2078 338 2116 aquam
365 2065 466 2104 dixit
490 2078 560 2104 esse
579 2067 731 2105 initium
762 2079 889 2105 rerum
906 2095 920 2114 ‚
945 2068 1070 2106 Deum
1091 2077 1217 2118 antem

99 2148 180 2176 eam
205 2145 359 2174 mentam
375 2163 389 2183 ‚
425 2147 520 2185 quac
541 2148 588 2174 ex
609 2136 716 2186 aqud
745 2146 880 2176 cuncta
888 2136 1061 2189 fingeret.
1117 2139 1216 2177 Nam

102 2206 176 2244 hoc
211 2218 319 2245 suum
348 2205 603 2245 testimonium
641 2208 878 2247 vehementer
917 2208 1115 2247 infirmavit
1138 2209 1217 2257 ipse

97 2275 297 2325 Velleius,
342 2287 426 2314 cum
464 2288 553 2315 mox
589 2277 703 2326 (ibid.
743 2277 840 2326 Cap.
883 2281 950 2326 11)
994 2279 1217 2328 subjiceret,

107 2347 178 2386 An
189 2357 210 2384 a
221 2357 245 2385 x
258 2357 278 2383 a
289 2356 312 2395 g
325 2357 348 2385 o
361 2357 406 2385 ta
420 2357 455 2384 m
467 2373 482 2395 ‚
513 2348 679 2398 primum
701 2350 858 2387 omnium
871 2376 885 2397 ,
911 2360 1038 2388 rorum
1061 2348 1221 2400 descrip-

1148 2416 1221 2456 eio-
