1483 2860
384 233 901 275 ‘LITERARIIL
1176 244 1201 279 9

142 343 324 394 Quamvis
355 355 446 383 vero
467 346 555 382 haec
582 342 705 381 omnia
730 344 823 381 clam
848 350 885 380 et
907 339 1089 379 nesciente
1114 342 1208 379 Gu-.

95 413 227 451 lielm
243 425 266 451 0
291 423 512 462 agerentur,
539 414 619 463 ejus
652 422 773 451 tamen
805 411 1120 462 perspicacitatem
1147 410 1208 448 fu·

95 493 180 531 gere
205 494 283 521 non
305 491 524 532 potuerunt.

147 552 275 603 Quum
315 553 440 600 enim,
489 554 588 602 apud
625 553 905 592 Henricum
939 554 1109 600 legatus,
1148 550 1215 589 ali-

95 624 247 669 quando
281 634 364 660 cum
390 623 495 670 Rege
522 633 746 670 venaretur,
770 622 986 661 familiarem
1010 622 1214 660 sermonem

93 703 180 729 cum
211 704 255 729 eo
293 692 496 730 contulits
525 692 627 730 Tum
664 705 728 731 rex
766 692 865 730 forte
888 704 1034 730 narrare
1059 692 1215 739 coepit,

94 760 188 808 quid
224 762 314 799 Dux
353 762 583 800 Albanus
623 764 669 801 ad
717 774 846 801 omnes
891 763 1091 800 haeriticos
1136 773 1217 800 om-

93 840 263 878 nesque,
312 832 378 879 qui
411 831 547 870 haeresi
580 832 747 871 faverent
779 844 846 881 per
881 832 1100 880 Hispaniam
1135 831 1219 870 ssel-

95 900 277 948 giumque
310 902 486 939 delendos
511 911 755 950 compararet.
810 901 1033 940 Vehementi
1059 901 1124 940 etsi
1150 902 1219 940 do·

97 969 178 1006 lore
197 970 414 1018 perculsus,
442 983 648 1009 moerorem
673 971 798 1010 sedulo
823 972 994 1021 repressit
1018 972 1219 1010 Guliel-

98 1048 182 1076 mus
205 1046 242 1077 et
273 1049 448 1088 tanquam
486 1041 582 1078 tanti
610 1041 751 1079 confilii
786 1041 964 1079 conscius
989 1053 1073 1079 cum
1114 1041 1220 1089 Rege

95 1108 340 1156 collocutus,
369 1109 522 1157 omnia,
550 1122 646 1158 quae
666 1111 728 1149 ille
754 1112 854 1150 intus
881 1111 1027 1159 alebat,
1065 1108 1218 1149 consilia

97 1177 232 1215 callide
267 1177 395 1216 elicuit
425 1179 510 1227 (1).

144 1247 248 1285 Haec
286 1247 351 1285 ubi
374 1249 583 1297 cognovit,
616 1248 812 1297 ingentes,
841 1260 937 1297 quae
971 1249 1112 1287 miseris
1140 1250 1223 1289 Bel·

95 1316 154 1366 gis
180 1317 452 1365 imminebant,
490 1321 673 1366 procellas
707 1320 780 1368 jam
806 1318 996 1367 prospexit
1022 1320 1055 1358 G
1073 1332 1094 1356 u
1110 1320 1223 1357 liel-

95 1398 199 1426 muS.
253 1389 391 1436 Magna
416 1399 500 1436 pars
525 1389 718 1437 Belgarum
758 1388 1019 1436 Luthero,
1048 1390 1082 1427 C
1099 1389 1224 1427 alvi-

95 1466 264 1505 noque
294 1456 495 1505 favebant,
527 1468 650 1505 neque
686 1467 831 1496 tantum
865 1460 1030 1506 vulgus,
1059 1457 1116 1497 sed
1153 1471 1225 1497 no-

95 1526 191 1565 biles
228 1537 382 1573 quoque
425 1527 647 1575 innumeri,
700 1529 834 1566 horum
869 1529 1060 1567 doctrinae
1108 1529 1225 1567 dediti

96 1605 216 1634 erant.
275 1595 359 1633 Hos
396 1595 510 1644 igitur
540 1607 670 1634 omnes
700 1599 745 1636 ad
775 1599 854 1635 dira
879 1610 1049 1645 quaeque
1082 1599 1224 1647 suppli-

96 1664 155 1703 cia
178 1665 342 1703 conduci
378 1665 665 1714 turpissimaque
689 1676 809 1706 morte
837 1667 929 1706 affici
948 1671 1022 1717 J'am
1054 1669 1217 1710 videbat.

91 1733 246 1784 JamJam
279 1733 594 1782 Inquifitionem,
635 1737 737 1775 nulla
771 1737 808 1775 vi
848 1739 1075 1784 coercitam..
1116 1751 1220 1780 novo

98 1804 259 1851 quodam
287 1815 328 1841 ac
357 1804 535 1843 inusitato
561 1804 690 1843 furore
718 1806 917 1856 agitatam,
958 1810 1122 1858 Belgium
1159 1823 1224 1851 oc-

96 1882 315 1923 cupaturam
350 1874 618 1923 praecipiebat.
671 1876 772 1914 Huic
801 1889 891 1915 vero
927 1878 953 1916 fi
982 1892 1111 1919 omnes
1141 1881 1225 1919 Bel-

98 1952 168 1991 gae
203 1943 509 1991 adversarentur,
550 1945 884 1995 ingentescopias
922 1961 1043 1997 regem
1090 1951 1224 1991 missu-

94 2022 212 2062 rum,
239 1998 442 2054 divinabat.
496 2015 640 2067 Quod,
675 2027 759 2055 curn
793 2018 945 2068 Belgis,
974 2020 1220 2068 periculosum

1174 2095 1221 2133 ad

139 2169 194 2207 (ι)
215 2172 288 2204 vid.
311 2175 466 2210 Apolonie
496 2177 560 2213 ofte
586 2181 871 2218 vennewoordinge
898 2183 947 2212 des
973 2186 1222 2225 Doorluchn'gem

102 2227 175 2255 enda
195 2230 408 2268 Hooggeboren
429 2236 522 2262 Vorst
539 2236 612 2264 ende
626 2239 724 2265 Hem
743 2241 886 2269 Withctm
905 2249 983 2273 caet.
1007 2246 1221 2284 Leovardiae,

104 2291 134 2313 Ι·
156 2289 242 2322 ι746·
265 2295 333 2323 vax·
351 2293 400 2326 67.
419 2292 520 2322 Lem:
537 2295 568 2323 1.
587 2302 654 2329 pag.
677 2303 726 2333 94.
