1560 2860
328 271 387 317 26
689 271 1074 319 ORATIO.

320 413 461 458 verba
480 427 565 454 non
589 412 730 467 prius
755 413 946 464 audita,
981 425 1209 469 omnesque
1232 413 1319 458 ver}
1345 429 1429 459 nu-

319 502 458 532 meros
485 486 711 541 habentia,
748 486 992 544 mirabitur3
1037 501 1114 533 nec
1153 503 1298 534 eorum
1329 490 1429 545 irni-

316 564 476 611 tabitur
502 564 742 618 stultitiam,
772 564 870 621 qui,
898 564 1021 609 unius
1057 580 1106 610 ex
1137 580 1211 611 ore
1236 566 1427 626 Magistri

313 642 569 701 pendentm,
613 641 730 698 cujus
767 655 861 685 cum
898 642 1077 687 maxime
1114 650 1263 702 regnet
1293 643 1426 688 disci-

310 718 452 777 plina,
482 717 594 761 hunc
619 732 748 761 unum
776 718 1048 777 praedicant,
1082 733 1177 764 cum
1218 720 1302 764 hoc
1341 734 1424 764 na-

309 803 397 840 tam
434 808 524 839 esse
560 794 806 853 sapientiam
845 795 1088 850 clamitant,
1119 811 1197 841 nec
1232 796 1313 840 nisi
1345 811 1423 856 per

307 872 434 930 hujus
481 870 707 930 discipulos
756 872 811 916 ab
855 872 1024 917 interitu
1079 888 1170 918 eam
1216 872 1419 918 vindicari

307 964 445 1009 posse,
479 948 718 1008 opinantur.
791 949 916 993 Absit
959 951 1180 1008 profecto,
1223 957 1270 993 ut
1312 950 1418 994 haec

303 1025 558 1072 minutorum
582 1026 815 1069 animorum
849 1025 1040 1083 angustia
1066 1041 1159 1070 eum
1186 1025 1416 1084 deprimat,

303 1119 430 1161 quem
453 1109 717 1163 spectamus,
747 1101 834 1146 veri
870 1102 1090 1145 cultorem!
1123 1102 1415 1160 Quodcunque

302 1180 436 1234 enim,
471 1180 526 1223 ad
563 1178 847 1224 sanctissimae
884 1192 1056 1222 caussae
1091 1177 1410 1222 illustrationem

298 1270 353 1301 ac
376 1254 734 1300 confirmationem
751 1287 762 1308 ‚
779 1254 915 1299 omnis
942 1254 1170 1306 memoriae
1186 1255 1411 1313 Sapientes

299 1334 588 1385 contulerunt,
617 1332 662 1375 id
699 1331 780 1391 ipsi
820 1331 1109 1376 excutiendum
1144 1329 1272 1375 offert
1298 1338 1409 1376 tem-

294 1425 448 1470 porum
487 1409 557 1452 illa
593 1408 734 1462 testis,
772 1408 972 1452 Historia.
1043 1407 1177 1462 Hinc,
1209 1406 1311 1451 nihil
1337 1416 1409 1452 aut

294 1494 451 1532 temere
488 1493 782 1538 contemnens,
815 1492 884 1529 aut
913 1485 1001 1529 sine
1026 1484 1281 1544 probatione
1312 1500 1408 1528 am-

290 1565 462 1625 plexus,
493 1562 653 1622 optima
680 1577 896 1619 quaeque,
926 1576 1027 1606 suos
1060 1561 1104 1605 in
1142 1577 1240 1605 usus
1271 1562 1406 1605 selec-

291 1648 361 1694 ta,
393 1639 577 1694 delibat3

317 1740 372 1748 —
396 1718 559 1760 Veluti
572 1718 618 1758 in
626 1718 787 1771 pratis
801 1716 879 1756 abi
891 1732 1017 1770 apes,
1032 1723 1205 1756 aestate
1221 1718 1399 1768 serensi,

317 1795 533 1838 Floribus
550 1795 755 1835 insidunt
774 1794 917 1835 variis
928 1823 941 1845 ,
952 1800 996 1834 et
1012 1794 1210 1834 candida
1225 1793 1400 1834 circum

315 1873 442 1916 Lilia
457 1873 743 1927 funduntur.

284 1948 360 1992 Illa
397 1947 531 1991 facem
574 1945 836 2005 praeferente
872 1945 994 1991 Duce
1029 1945 1284 1998 certissima,
1329 1945 1398 1989 vi-

277 2024 377 2077 det,
408 2029 512 2080 quot
551 2022 634 2079 jam
670 2029 937 2075 commenta,
977 2037 1132 2080 magno
1170 2021 1396 2079 aliquando

283 2099 557 2161 plurimorum
579 2099 727 2159 plausu
752 2088 950 2158 excepta,
985 2098 1073 2142 dies
1101 2099 1323 2152 deleverit,
1354 2106 1395 2142 et

275 2176 543 2238 ⁴posteritatis
573 2189 653 2220 vox
677 2175 967 2220 confutaverit.
1027 2175 1146 2232 Quae
1174 2189 1274 2218 vero
1311 2189 1393 2219 na-

279 2260 400 2298 turae
423 2253 576 2310 judicia
597 2260 761 2313 tempus
785 2251 1093 2296 confirmaverit
1107 2283 1119 2305 ,
1147 2251 1251 2295 haec
1271 2252 1392 2310 longe

279 2329 553 2389 concordius,
583 2342 710 2387 quam
748 2329 946 2374 historiae
985 2328 1153 2389 ignarus
1180 2327 1388 2388 quispiam

1315 2419 1393 2449 su-
