1483 2860
267 230 320 277 ‚98
490 222 731 264 c-OMM
757 213 1153 262 ENTATiso

273 332 403 384 agendi
456 333 634 373 rationem
685 340 908 379 magnopere
953 326 1151 372 laudabat,
1203 323 1382 373 epistolas·

274 404 415 453 scripfit
447 404 532 453 (1).
601 402 671 440 His
711 411 802 439 vero
846 397 957 438 novis
1002 395 1180 435 institutis
1213 394 1383 433 reluctati

273 474 359 513 sunt
396 469 508 522 hujus
537 471 698 520 regionis
725 470 895 517 incolae3
936 479 1030 516 quae
1059 465 1252 504 conamina
1282 463 1383 502 irrita

276 543 363 582 fecit
400 542 583 592 Alphonsi
616 541 685 579 VI.
714 539 884 589 ignavia,
913 539 987 585 qua
1017 537 1107 574 totis
1146 534 1291 573 viribus
1320 535 1385 572 Pa-

274 625 345 663 pae
377 611 547 662 partibus
582 610 677 650 favit
705 609 803 659 (2);
830 608 890 648 sed
922 609 982 646 vel
1007 607 1055 646 fic
1089 615 1210 644 tamen
1245 603 1387 643 Gothi-

273 694 360 722 cum
377 711 391 730 ‚
414 682 475 721 seu
498 681 784 720 Mozarabicum
799 707 813 726 ‚
827 677 989 717 officium
1011 677 1050 715 in
1075 674 1268 715 nonnullis
1296 674 1388 712 His-

275 755 405 803 paniae
426 751 602 792 Ecclefiis
635 748 808 799 dispersis
832 748 897 788 diu
933 747 1107 795 deinceps
1140 744 1384 784 retinebatur.

274 823 483 871 Gregorius
513 820 748 866 autem1adeo
774 818 958 857 variarum
977 817 1092 867 huJus
1117 815 1279 865 regionis
1299 826 1390 864 pro-

273 893 478 932 vinciarum
512 901 617 938 reges
660 889 729 928 fibi
754 887 942 937 subjectos
970 885 1129 934 habuit,
1168 894 1210 924 ut
1241 884 1290 926 iis
1322 884 1391 923 tri-

273 963 408 1002 butum
446 960 598 1010 lingulis
634 958 740 997 annis
782 956 1000 996 solvendum
1048 955 1239 1004 imponere
1279 956 1392 994 aude-

272 1036 330 1071 re't
362 1032 447 1081 (3).
520 1031 710 1069 Praeterea
747 1037 902 1077 reguum
940 1025 1145 1075 Hispaniae
1179 1024 1390 1064 universum

274 1103 348 1144 fedi
375 1102 563 1141 Romanae
589 1098 665 1138 esse
699 1096 937 1136 tributarium
968 1096 1007 1133 in
1039 1095 1211 1144 epistolis
1236 1103 1395 1143 conten-

273 1173 328 1212 dit
364 1171 462 1222 (4)‚
487 1181 574 1210 cum
612 1181 661 1209 ex
698 1166 864 1216 antiquis
901 1162 1233 1205 constitutionibus
1273 1164 1396 1203 effice·

268 1252 325 1282 ret
359 1271 392 1290 ‚,
417 1243 513 1281 hanc
548 1239 737 1289 regionem
771 1238 880 1276 Petro
916 1245 953 1274 et
981 1234 1164 1274 Ecclesiae
1199 1235 1390 1274 Romanae

276 1335 303 1361 ,-‚
328 1312 445 1362 injus
471 1319 508 1349 et
537 1308 800 1359 proprietatem
827 1307 903 1344 esse
933 1304 1147 1344 traditam.’'
1196 1304 1297 1344 Hinc
1328 1316 1391 1344 ex-

274 1382 489 1432 plicandum
504 1409 518 1429 ‚
545 1379 650 1428 quod
677 1387 749 1416 tam
774 1376 970 1426 despotica
996 1375 1138 1414 ratione
1159 1376 1389 1417 voluntatem

272 1452 372 1492 fuam
409 1449 603 1500 Alphonso
637 1448 811 1496 deinceps
855 1445 1098 1495 fignificavit3
1149 1455 1236 1484 cum
1290 1445 1399 1484 enim.

272 1523 337 1562 iile
380 1532 449 1559 rex
502 1529 654 1557 uxorem
703 1516 1011 1566 consanguineam
1053 1513 1247 1563 duxisset,
1291 1515 1389 1554 Gre-

271 1592 400 1642 gorius
450 1591 611 1629 minatus
662 1595 720 1626 est
772 1585 807 1625 se
830 1614 845 1635 ,
899 1585 967 1625 nisi
1009 1586 1104 1624 hanc
1143 1585 1347 1624 dimitteret
1371 1612 1388 1632 ‚

286 1674 288 1677 ,
1312 1656 1392 1706 ψ·

307 1806 363 1843 (ι)
384 1807 482 1843 Epist.
501 1807 720 1844 Gregorii,
742 1805 811 1836 Lib.
832 1805 859 1835 1.
879 1804 971 1841 epist.
998 1807 1035 1840 63
1058 1809 1090 1832 et
1108 1803 1164 1841 64,
1182 1810 1213 1832 et
1226 1802 1282 1832 Lib
1312 1803 1388 1837 vll,

273 1864 373 1904 epist„
388 1867 417 1897 o.
599 1890 603 1894 .

295 1913 361 1960 ,(2)
383 1920 476 1950 Conf.
497 1921 690 1955 Venema,
720 1919 742 1947 1.
762 1926 792 1947 c.
812 1919 898 1947 Tom.
920 1919 964 1953 V,
988 1925 1056 1953 pag.
1087 1922 1164 1954 589,
1185 1925 1216 1946 et
1244 1918 1393 1954 Gregorii

268 1979 306 2007 ad
323 1977 510 2014 Alphonsum
542 1975 701 2011 Epistola,
723 1983 799 2010 quae
816 1983 862 2004 est
880 1975 933 2004 Lib
970 1976 1029 2011 lx,
1050 1976 1143 2012 epist.
1166 1986 1196 2006 2.

297 2028 359 2074 ’(3)
382 2035 542 2064 'tributum
567 2033 718 2061 constabat
737 2032 854 2061 duobus
877 2033 973 2062 bobus
992 2032 1141 2067 jugalibus
1159 2040 1192 2062 et
1212 2034 1319 2064 decem
1339 2035 1394 2064 de·

271 2094 375 2131 uariis.
396 2091 526 2121 Conf.C.
549 2091 594 2124 Ba
605 2090 772 2123 tonius,
800 2091 994 2124 Annalium,
1015 2091 1103 2119 Tom.
1129 2091 1186 2126 xl,
1215 2099 1283 2127 pag.
1305 2100 1376 2127 720.

310 2151 366 2188 (4)
389 2149 484 2184 Epist.
510 2147 726 2181 Gregorii,
755 2146 825 2176 Lib.
848 2147 875 2175 1.
899 2146 991 2182 epist.
1013 2150 1049 2177 6.
1073 2156 1089 2182 7
1110 2155 1142 2176 et
1160 2149 1218 2184 63,
1242 2156 1273 2178 et
1298 2149 1393 2178 maxi-

267 2196 317 2237 ne
340 2207 392 2236 illa
410 2208 446 2234 ad
464 2206 634 2241 Hispanos,
655 2211 732 2239 quae
755 2211 800 2232 est
818 2203 888 2232 libri
900 2204 998 2239 qumi
1019 2203 1158 2233 vicefima
1174 2212 1280 2235 octava
1297 2213 1329 2234 et
1349 2207 1397 2235 ul-

267 2265 352 2295 tima.
371 2263 466 2294 Ceus.
486 2261 684 2298 Theiner,
703 2263 728 2291 Ι.
750 2268 779 2300 c.
803 2261 844 2290 Π.
866 2263 902 2291 Β.
925 2263 948 2290 1.
974 2261 1090 2298 Aban,
1114 2270 1182 2298 paz.
1202 2269 1366 2298 2²7-229·
