1483 2860
413 280 924 323 LITERARIA.
1131 299 1204 330 Μ,

83 388 308 436 reipublicae
341 390 592 438 gubernaculo
631 391 781 430 recesfit
814 401 850 430 et
884 392 923 430 in
962 392 1195 435 Germaniam

79 459 247 497 reversus
274 468 331 497 est
355 460 438 508 (ι).
830 498 833 502 ⁴

126 529 376 577 Philippo
407 530 574 579 rejecto,
613 531 731 579 majus
771 532 878 570 etiam
910 532 1048 571 bellum
1074 533 1194 572 immi-

74 609 189 646 nere,
216 610 325 637 nemo
351 598 521 637 dubitare
556 607 715 647 poterat.
770 600 996 639 Gulielm
1014 614 1068 639 us
1086 630 1100 648 ‚
1128 615 1192 650 pa-

70 669 177 707 triam
208 669 370 718 plurium
399 668 549 706 minime
576 667 725 706 ferenda
749 668 901 718 segnitie
935 671 1036 708 omni
1072 673 1190 709 omni-

66 749 118 779 no
151 738 288 777 robore
316 738 529 777 destitutam
552 738 628 776 esse
650 739 808 787 videns,
837 739 874 778 in
902 740 1085 779 Ordinum
1113 741 1191 780 Ge·

66 808 244 857 neraliutn
279 818 468 847 conventu
507 809 558 847 ita
594 809 671 847 fere
697 811 846 848 locutus
884 793 973 849 es‘t:=
1011 840 1041 858 ‚‚
1069 812 1188 850 Ante·

67 906 101 926 ‚‚
130 891 238 927 quam
270 890 291 916 a
326 878 435 915 vobis
459 878 611 916 discedo
628 905 641 925 ,
671 890 740 917 vos
761 879 1086 928 commonefacio,
1115 892 1187 919 nos

68 977 99 996 ,‚
127 960 254 986 omnes
283 947 389 986 brevi
425 947 642 986 interituros
668 947 743 986 esse
761 977 774 996 ‚
801 949 868 987 nifi
897 949 1022 988 divina
1057 951 1187 999 provi·

66 1047 98 1067 ,‚
128 1019 250 1057 dentia
289 1018 494 1066 periculum
534 1003 749 1066 opportune
778 1031 799 1056 a
838 1020 980 1057 nostris
1028 1021 1184 1059 cervici-

65 1116 98 1136 „
125 1088 196 1125 bus
220 1096 375 1126 avertat.
429 1087 618 1137 Quaeritis
660 1088 839 1135 fortasse,
879 1089 1047 1137 quisnam
1090 1091 1184 1129 tanti

64 1185 96 1209 ‚‚
124 1158 209 1196 mali
236 1157 499 1195 insimulandus
529 1158 604 1196 sit?
633 1159 716 1195 Vos
745 1159 921 1205 inquam,
962 1171 1030 1197 vos
1048 1188 1060 1206 ‚
1101 1172 1182 1198 om-

62 1211 94 1275 {a
122 1238 265 1275 nesque
299 1228 416 1274 alios,
455 1227 520 1274 qui
554 1240 632 1265 mea
668 1227 821 1266 confilia
852 1229 956 1277 parvi
991 1229 1182 1281 aestimas-

59 1325 91 1345 „
119 1297 194 1336 tis!
224 1297 398 1347 Quisque
424 1308 498 1334 rem
529 1297 708 1345 privatam
736 1299 927 1336 communi
957 1300 1096 1350 patriae
1127 1299 1181 1338 sa-

61 1396 92 1416 ‚‚
120 1366 189 1405 luti
223 1368 334 1415 longe
370 1367 578 1415 anteponit.
634 1367 809 1416 Singulae
845 1368 1085 1416 provinciae,
1112 1370 1180 1409 im-

59 1463 91 1487 „
119 1447 180 1474 mo
218 1444 254 1474 et
290 1434 453 1483 fingulae
489 1436 598 1473 urbes
624 1434 769 1474 suarum
804 1445 947 1474 tantum
979 1438 1173 1486 copiarum

58 1533 90 1555 ‚‚
119 1514 230 1553 atque
248 1506 425 1554 pecuniae
448 1516 572 1543 curam
594 1516 738 1555 agunt3
771 1517 848 1554 quo
874 1506 941 1553 fit,
972 1518 1042 1554 ut,
1071 1501 1175 1555 quod

59 1575 295 1624 „omnibus
321 1575 461 1624 junctis
497 1576 654 1612 multum
688 1575 771 1612 sane
797 1575 991 1623 prodesset
1009 1605 1020 1623 ,
1050 1560 1174 1626 fingo}

56 1646 162 1694 „lis
199 1645 294 1683 nihil
329 1645 516 1682 commodi
551 1643 692 1683 afferat.
772 1645 985 1683 Concilium
1025 1645 1173 1693 quidem

59 1745 90 1766 ‚‚
119 1715 326 1753 institutum
363 1725 449 1762 est;
478 1714 536 1752 sed
559 1715 660 1752 omni
691 1714 912 1752 auctoritate
933 1715 1170 1754 destitutum.

57 1815 88 1834 ‚‚
116 1785 245 1836 Quid,
283 1784 448 1831 quaeso,
498 1786 698 1822 concilium
735 1785 875 1822 efficere
906 1794 1059 1834 potest,
1110 1771 1173 1824 cui

56 1882 87 1902 ‚.‚
115 1855 216 1892 nulla
248 1853 402 1891 omnino
440 1854 598 1901 pecunia
637 1852 962 1892 subministratur?
1005 1856 1173 1902 Populus

59 1952 90 1972 „
117 1923 253 1961 bellum
288 1921 395 1961 nihili
422 1923 551 1961 ducit:
581 1923 680 1971 quafi
712 1922 805 1961 vero¹
824 1935 900 1962 non
934 1936 1004 1973 pro
1026 1925 1175 1964 liberta-

56 2023 87 2043 „
114 2004 169 2041 te,
198 1993 272 2031 vita
302 2003 338 2031 et
373 1994 552 2042 religione
590 2003 834 2042 pugnaretur.
862 2017 916 2025 —-
940 1995 1065 2044 Quare
1102 1996 1170 2033 ob-

58 2091 91 2112 „
116 2063 215 2102 secto
242 2075 311 2101 vos
329 2091 342 2110 ‚
371 2073 411 2100 ut
451 2065 496 2101 ad
531 2064 617 2101 illes
657 2063 793 2102 abusus
833 2065 1058 2112 attendatis,
1089 2076 1170 2111 eos-

56 2162 87 2182 „
114 2145 186 2182 que
211 2144 340 2171 omnes
363 2135 506 2182 populo
540 2134 738 2182 exponatis
748 2163 761 2183 ‚
788 2145 833 2173 ne
858 2145 916 2172 me
945 2142 1076 2183 postea
1106 2146 1169 2172 ne-

1012 2231 1041 2252 ,.
1071 2206 1169 2254 glec-

94 2314 148 2351 (ι)
169 2313 239 2342 vid.
261 2315 352 2349 ssor,
376 2318 438 2349 op.
459 2314 469 2341 1
510 2312 594 2341 Libr.
619 2313 698 2341 xvl.
724 2291 856 2349 t'ull..40.
877 2323 914 2334 —·
936 2311 1084 2347 Hooft,
1106 2312 1164 2347 Op.

56 2372 77 2399 1.
89 2378 156 2406 pag.
178 2372 243 2406 789.

545 2427 579 2465 O
609 2441 631 2467 2
