1483 2860
269 292 320 334 52
495 280 1170 325 COMMENTATIO

269 420 303 443 „
330 393 418 432 olim
451 392 521 433 fibi
553 388 777 441 concesso‚'
811 391 848 430 se
871 391 1048 431 omnino·
1082 388 1261 441 destitui,
1289 392 1409 432 nullo·

267 487 300 512 2,
328 471 439 512 pacto
460 463 538 512 pati
565 461 706 512 posset.
1032 455 1037 460 ’
1164 470 1167 474 “
1368 472 1371 474 ·

323 560 357 580 ,,
382 534 440 571 De
464 533 622 571 decretis
646 532 709 571 vel
737 531 783 570 ab
814 531 1039 581 Imperatore
1080 532 1300 579 carolo,
1337 530 1399 570 vel

283 629 317 651 ‚,
342 602 388 640 ab
434 601 513 652 ipso
555 602 661 652 Rege
699 601 912 651 profectis,
951 601 1096 650 dicam,
1124 598 1229 650 quod
1264 600 1399 642 sentio.

285 699 318 720 9,
344 672 447 712 Haec
484 681 590 712 antea
627 671 833 722 saepisfime
867 671 1034 720 mitigata
1069 670 1154 710 sunt
1187 667 1311 720 neque
1345 682 1404 710 re-

282 768 317 789 „
345 742 402 792 gis
426 742 588 781 ministri
613 741 779 781 solebant
810 741 848 779 in
873 741 933 779 his
977 741 1216 789 exsequendis
1237 742 1403 782 maxima

281 835 315 859 ,‚
342 811 533 851 severitate
571 812 653 852 uti.
712 810 858 862 Quidni
882 810 996 858 igitur
1036 811 1120 849 Rex
1148 812 1286 850 ‘eadem
1318 822 1403 850 mo-

282 907 316 929 „
343 881 534 920 deratione
575 883 682 931 agere
716 882 872 932 pergit?
913 882 1205 934 Respiciendum
1241 883 1289 920 ad
1330 892 1400 930 ea,

281 976 316 998 2,
343 961 439 998 quae
459 950 649 1000 vivimus,
676 951 1022 1000 tempora,quibus
1044 951 1162 991 vicini
1174 946 1296 990 nostri
1311 961 1404 998 ‚an-

282 1047 316 1068 „
342 1019 448 1069 cipiti
469 1019 646 1068 fortuna,
677 1029 779 1060 tanta
812 1022 858 1060 ad
891 1020 1080 1070 cogitandi
1103 1013 1311 1060 libertatem
1344 1031 1405 1058 ac·

282 1117 316 1138 ‚,
344 1089 557 1138 quirendam
571 1100 705 1139 gerunt
738 1102 779 1130 ac
806 1091 1037 1139 moliuntur,
1065 1099 1108 1131 ut
1128 1091 1206 1130 fieri
1233 1084 1298 1129 vix
1315 1101 1409 1139 pos-

284 1186 318 1208 „
345 1159 381 1198 se
403 1160 601 1209 videatur,
639 1161 731 1210 quin
755 1170 944 1200 nostrates
981 1172 1109 1200 eorum
1145 1162 1314 1210 exemplo
1343 1172 1411 1200 ex-

283 1256 317 1278 „
342 1230 468 1279 citati,
509 1231 635 1270 eadem
674 1231 742 1271 fibi
776 1231 982 1270 vindicent.
1049 1232 1166 1270 Nulla
1199 1231 1238 1270 vi
1273 1240 1403 1269 eorum

282 1325 319 1348 2,
344 1301 459 1338 animi
494 1301 657 1341 coerceri
696 1301 868 1351 possunt.
942 1302 1152 1341 Clementia
1186 1309 1223 1339 et
1253 1301 1405 1339 lenitate

284 1397 319 1419 ‚‚
346 1376 516 1417 tanturn,
542 1370 571 1408 fi
597 1371 688 1418 quid
714 1372 806 1409 mihi
830 1372 977 1418 credis,
1006 1371 1185 1408 utendum
1212 1378 1283 1408 est.
1312 1368 1405 1419 Quo

287 1467 321 1488 „
347 1437 605 1478 vehementius
639 1442 702 1478 rex
729 1439 768 1476 in
808 1450 873 1477 eos
908 1439 1023 1477 irruet
1058 1449 1105 1476 eo
1147 1438 1406 1481 contumacius

286 1537 319 1558 ‚,
347 1509 515 1547 refistent
540 1509 697 1558 eJusque
720 1518 878 1547 conatus
907 1509 1033 1546 irritos
1057 1508 1227 1548 reddent.
1265 1508 1408 1548 Omnes

284 1606 317 1627 ,‚
344 1576 616 1626 clamitabunt,
643 1589 768 1627 regem
794 1577 984 1628 promisfis
1003 1576 1080 1617 suis
1103 1589 1181 1616 non
1202 1578 1320 1626 stare,
1349 1586 1408 1629 ty-

284 1675 318 1697 „
345 1647 535 1688 rannidem
559 1647 626 1687 fibi
652 1646 836 1687 affectare.
890 1648 1047 1687 Patriam
1085 1647 1230 1687 missam
1268 1648 1408 1689 facient

285 1717 528 1767 „innumeri
561 1717 694 1767 cives,
734 1718 773 1756 in
813 1718 953 1757 vicinas
984 1718 1155 1767 regiones
1192 1718 1423 1767 migrabunt

287 1815 320 1836 „
346 1787 593 1836 Belgiumque
625 1800 782 1826 vacuum
819 1788 1045 1837 relinquent.
1099 1788 1313 1837 Religionis
1340 1788 1408 1828 sta-

288 1883 321 1904 „
347 1865 410 1895 tus
454 1868 534 1895 non
586 1858 720 1896 melior
760 1859 889 1897 evadet
912 1871 926 1907 ;
992 1858 1088 1896 nihil
1139 1859 1293 1897 omnino
1342 1870 1408 1899 rex

288 1952 322 1974 „
349 1925 549 1974 proficiet,
585 1926 652 1965 nifi
680 1928 784 1976 quod
821 1935 937 1965 totam
970 1926 1236 1976 rempublicam
1281 1928 1407 1968 miser-

285 2022 317 2044 „
343 1995 435 2033 rima
482 2007 740 2035 aerumnarum
787 1997 962 2047 voragine
996 1996 1244 2036 submerserit.
1310 1998 1424 2037 Mn·-

288 2091 321 2112 ‚‚
349 2071 390 2102 to
416 2064 485 2102 alia
509 2067 623 2103 multa
657 2066 770 2116 hujus
798 2067 851 2104 rei
889 2067 1150 2115 incommoda,
1189 2067 1235 2105 de
1256 2067 1415 2115 -quibus-
1471 2065 1483 2092 ·’

290 2128 323 2182 ‚',
351 2145 416 2172 rex
461 2135 550 2173 olim
588 2133 732 2185 saepius
773 2137 1013 2175 admonitus.
1043 2145 1115 2176 est.
1196 2137 1283 2175 Hoc
1326 2145 1410 2176 tan-

290 2229 324 2252 „
350 2211 430 2241 tum
461 2203 618 2252 addam,
655 2205 879 2254 praesentem
918 2206 1040 2246 rerum
1076 2206 1208 2245 statum
1243 2218 1284 2246 ac
1314 2215 1409 2245 tem-

289 2299 324 2321 „
351 2284 423 2321 pus
448 2273 633 2323 ejusmodi
659 2276 816 2315 decretis
844 2277 996 2316 minime
1020 2276 1235 2316 convenire.
1290 2276 1408 2317 Cives

290 2368 324 2391 „
350 2341 449 2382 enim
491 2342 684 2384 continuis
725 2346 998 2387 calamitatibus
1038 2347 1271 2397 exagitantur
1309 2345 1415 2385 sum·

1271 2443 1309 2466 „
1334 2427 1370 2455 m
1390 2429 1414 2458 a
