1483 2860
380 262 892 305 LITERARIA.
1143 265 1190 303 81

73 373 343 413 Gulielmu
359 385 378 412 s
421 374 673 422 importunam
717 372 856 411 hancce
900 370 1095 411 hominum
1127 381 1189 409 ca-

63 450 209 481 tervam
243 444 345 482 omni
378 443 521 481 ratione
556 440 711 482 vacuan'i
751 443 892 482 videret
907 470 921 490 ‚
975 439 1190 480 necessitate

65 521 250 560 coactus,
290 510 516 561 quingentos
564 509 697 550 urbem
737 512 859 561 egredi
903 511 1093 560 permifit3
1131 522 1192 549 re·

66 581 207 630 liquam
234 591 375 632 partem
397 582 457 621 his
489 581 616 621 verbis
649 582 868 621 continuit:

122 679 147 700 ‚‚
173 654 256 701 Ego
293 665 353 691 me
379 653 418 691 in
443 662 614 702 tempore
641 653 840 691 subducam
877 651 1078 690 mamfesto
1115 651 1193 689 dis-

68 741 95 770 -,-,
119 721 293 770 crimini,
321 729 365 760 ut
397 721 666 761 internecionis
704 729 848 760 vestrae
880 720 1059 759 nuncium
1086 719 1192 759 domi

67 811 99 838 ·„
128 789 347 839 exspectem.
403 792 530 840 Sapiet
557 792 589 830 is
620 791 771 840 quidem
788 820 802 840 ‚
829 790 895 839 qui
915 791 1085 839 exemplo
1099 800 1193 831 <meo

69 880 95 910 ᾗ,
121 861 217 899 idem
251 860 392 910 faciet,
419 862 590 900 damnata
629 861 779 899 illorum
814 860 1048 907 temeritate,
1090 845 1190 907 (⁷1uos

71 948 98 979 2„
121 929 312 970 incondite
346 931 468 981 portis
507 931 668 981 egressos
690 960 705 980 ,
744 930 1075 980 praesentissimum
1115 929 1195 967 exi-

68 1027 102 1048 „
128 1001 224 1039 tium
252 1000 432 1040 arcessere
463 1002 621 1041 vide0.”
673 1001 754 1040 Ubi
798 1001 964 1049 reliquos
989 1011 1066 1038 non
1094 998 1199 1046 sequi

65 1070 234 1109 viderent
265 1071 316 1118 ii,
358 1071 424 1119 qui
461 1071 593 1120 egressi
610 1072 724 1110 ‘erant
744 1099 756 1119 ,
779 1071 818 1108 in
848 1070 978 1109 urbem
1010 1069 1199 1108 redierunt

66 1149 273 1188 omnesque
311 1142 350 1178 in
386 1141 512 1179 Merio
547 1151 662 1190 ponte
697 1141 954 1181 consederunt.
1007 1140 1100 1178 Nox
1138 1139 1197 1178 in.-

64 1213 164 1248 'terea
185 1209 328 1249 incidit.
386 1211 572 1250 Postridie
611 1222 742 1251 omnes
779 1211 883 1250 cives
907 1211 953 1250 ad
981 1217 1079 1249 arma
1112 1221 1199 1248 cur.

63 1283 143 1319 rere
156 1289 373 1329 properant.
429 1281 620 1320 Catholici
649 1294 734 1320 cum
746 1281 850 1319 Italis
866 1309 880 1328 ‚
909 1281 1043 1329 Anglis
1060 1308 1073 1327 ,
1098 1279 1191 1317 His-

65 1351 201 1401 panis,
236 1351 527 1399 Lusitanisque,
558 1351 777 1390 Calvinistis
812 1350 882 1389 sese
910 1350 1186 1400 opposuerunt.

65 1420 195 1462 Diram
209 1414 358 1471 stragem
372 1423 517 1472 jamjam
537 1423 682 1461 editura
697 1413 893 1461 videbatur
906 1422 1033 1460 insana
1057 1419 1184 1459 turba.

68 1491 301 1532 Miserandus
347 1493 593 1540 feminarum,
633 1493 821 1542 virginum
841 1522 855 1541 ‚
903 1500 1187 1541 puerorumque

65 1562 285 1602 audiebatur
319 1564 476 1612 ejulatus
501 1565 695 1611 totamque
723 1563 854 1601 urbem
887 1560 1182 1601 contremefecit.

74 1629 192 1670 Nulla
217 1631 342 1670 salutis
378 1631 564 1682 supererat
602 1634 707 1682 spes:
737 1633 928 1682 utrimque
964 1643 1094 1670 omnes
1131 1630 1186 1669 ci-

67 1701 172 1741 vium
200 1703 349 1741 suorum
374 1702 541 1751 sanguini
571 1703 779 1742 inhiabant.

123 1772 264 1811 Verum
292 1773 388 1811 enim
423 1773 701 1812 Gulielmi
741 1770 938 1822 prudentia
968 1779 1082 1818 atque
1123 1767 1200 1807 effi-

71 1842 256 1882 cacisfima
295 1843 414 1881 oratio
448 1843 572 1881 omnia
616 1844 709 1882 mala
753 1851 773 1880 a
809 1841 949 1880 civium
986 1838 1197 1878 cervicibus

72 1920 300 1952 averterunt.
316 1913 526 1952 Admonuit
538 1924 667 1951 omnes
685 1941 698 1960 ‚
726 1924 772 1950 ne
797 1911 934 1949 civium
955 1909 1106 1948 suorum
1119 1908 1199 1947 san-

75 1983 188 2034 gnine
205 1984 365 2032 turpiter
376 1983 411 2022 se
424 1985 655 2033 polluerent,
667 1983 790 2031 iisque
802 1971 994 2031 exposuit,
1013 1990 1090 2028 quo
1115 1987 1198 2016 tan-

76 2055 160 2093 dem
195 2054 412 2092 calamitatis
437 2053 701 2103 pervenirent,
729 2052 796 2092 nifi
823 2064 843 2090 a
875 2042 1098 2090 truculentis
1122 2047 1196 2086 suis

77 2123 242 2162 confiliis
267 2124 483 2163 defisterent
507 2135 681 2172 armaque
706 2124 950 2173 deponerent.
992 2122 1093 2159 Haec
1121 2121 1202 2168 ejus

73 2194 202 2231 oratio
228 2200 371 2231 tantum
390 2193 490 2241 apud
516 2205 645 2233 omnes
673 2193 855 2242 invaluit,
882 2198 924 2231 ut
948 2203 1075 2240 pacem
1102 2196 1206 2228 com·

82 2268 222 2313 ponere
265 2268 444 2312 cuperent
488 2264 572 2314 (ι).
653 2265 803 2305 Tantus
848 2263 886 2301 in
933 2262 1203 2302 Gulielmo

72 2334 76 2339 ”
1093 2331 1214 2379 spleni

123 2393 179 2436 (1)
197 2393 431 2435 muethus,
450 2396 516 2435 ΟΡ.
533 2398 558 2430 1.
579 2405 649 2436 pag.
671 2400 721 2435 6³·
744 2398 789 2436 sq.
807 2409 856 2424 —
880 2385 1138 2474 &urgunduoi
1159 2388 1221 2428 O'P·

648 2449 679 2490 F
1150 2447 1220 2480 1²³ss·
