1483 2860
268 289 335 325 188
499 280 1157 325 COMMENTATIO

312 393 598 433 Gulielmus
631 401 763 440 magno
799 390 912 429 animi
941 390 1077 429 robore
1104 398 1140 428 et
1162 389 1362 429 constantia

262 474 407 502 omnem
444 474 591 511 operam
625 471 757 498 navare
793 460 977 508 perrexit,
1017 469 1058 498 ut
1088 468 1363 508 praeposterum

260 531 554 580 evangelicorum
586 530 751 568 ardorem
779 529 1020 578 restingueret
1052 537 1088 566 et
1122 539 1266 566 omnem
1290 528 1364 567 dis-

259 601 421 640 cordiam
438 628 451 649 ,
467 598 690 649 reipublicae
713 598 828 637 veluti
850 607 989 648 pestem
1005 626 1017 646 ‚
1030 599 1227 637 dirimeret.
1256 597 1369 637 Hanc.

258 671 308 709 ob
319 670 459 709 causam
473 681 537 719 per
558 669 699 718 legatos
713 668 850 707 civium
865 677 988 707 motus
1012 669 1154 716 placare
1178 676 1214 706 et
1231 669 1362 706 Walo·

256 752 323 781 nes
343 752 427 780 cum
442 739 745 779 Gandavenfibus
772 738 809 776 in
834 739 984 786 gratiam
1014 739 1184 776 reducere
1204 746 1362 777 conatus

255 818 328 848 est.
366 809 598 847 Frustra.-—
622 805 922 846 Gandavenfium
946 805 1053 843 furor
1075 808 1174 844 nulla
1201 807 1359 855 amplius

255 878 398 918 ratione
419 877 580 915 coerceri
612 883 783 925 poterat,
821 885 948 912 omnes
983 875 1064 912 diro
1090 875 1364 913 Romano-ca·

256 947 481 988 tholicorum
517 946 605 985 odio
639 944 939 993 conflagrabant,
966 944 1185 983 monasteria
1208 945 1363 994 deripie-

255 1017 368 1063 bant,
408 1016 584 1063 omnique
618 1014 765 1052 saevitia
797 1025 837 1052 ac
865 1013 1054 1052 insolentia
1094 1013 1333 1054 exsultabant.

303 1086 432 1134 Itaque
483 1084 786 1124 Gulielmus
832 1083 906 1132 ipse
943 1084 1161 1123 Gandavum
1198 1084 1358 1133 petivit,

252 1156 490 1195 turbulentos
526 1153 664 1193 civium
706 1153 849 1191 animos
883 1152 1020 1191 sedavit
1062 1161 1173 1202 atque
1211 1163 1359 1203 pactum

251 1225 471 1272 constituit,
499 1235 575 1272 quo
612 1232 648 1261 et
690 1223 889 1271 evangelici
915 1232 950 1260 et
978 1223 1360 1262 Romano-catholici

251 1296 292 1335 in
323 1294 470 1343 templis
503 1293 548 1331 iis
595 1291 790 1340 designatis
829 1292 1029 1330 conciones
1075 1292 1189 1330 sacras
1225 1293 1361 1333 habere

249 1365 505 1411 summumque
518 1363 668 1401 Numen
681 1389 693 1407 ‚
715 1362 780 1399 suo
797 1361 958 1410 quisque
973 1362 1085 1399 modo
1102 1390 1114 1409 ‚
1128 1364 1249 1400 colere
1271 1375 1360 1411 pos-

251 1435 345 1473 sent.
384 1434 514 1482 Itaque
537 1431 725 1470 seditionis
752 1432 930 1469 flammam
959 1431 1024 1469 nisi
1052 1431 1200 1479 prorsus
1226 1431 1358 1472 exstin-

251 1515 362 1553 guere
387 1501 550 1552 potuerit
566 1529 578 1549 ,
605 1501 828 1548 aliquamdiu
850 1501 970 1539 saltem
998 1501 1167 1549 repressit
1200 1502 1282 1551 (1).

749 1644 786 1691 ἕ.
825 1655 862 1680 2.

301 1793 400 1830 Haec
437 1798 512 1828 erat
551 1783 814 1826 Gulielmi
850 1779 1021 1827 indoles,
1059 1787 1101 1818 ut
1133 1777 1353 1826 praesentem

250 1873 368 1900 rerum
406 1859 534 1898 statum
571 1868 647 1895 non
674 1863 813 1892 tantum
836 1848 1087 1896 curaret„sed
1109 1847 1234 1887 futura
1261 1860 1356 1896 quo-

251 1943 352 1982 que,
390 1939 571 1976 quatenus
614 1927 688 1964 hoc
721 1922 858 1961 miseris
884 1917 1103 1957 mortalibus
1127 1919 1252 1955 datum
1283 1916 1355 1963 fit,

249 2002 344 2041 miro
382 1997 519 2047 ingenii
555 1994 720 2034 acumine
743 1991 991 2038 investigaret.
1043 1986 1203 2026 Mirifica
1222 1986 1356 2034 hacce,

251 2083 323 2122 qua
359 2068 550 2119 pollebat,
576 2063 707 2103 mentis
738 2061 839 2108 acic,
885 2060 1052 2106 ingentes
1089 2057 1268 2106 procellas
1293 2068 1359 2105 pa·

1268 2134 1359 2166 triae

288 2256 342 2292 (ι)
362 2255 433 2283 Vid.
454 2254 509 2282 De
532 2252 694 2283 Tanis,
717 2251 777 2285 Op.
805 2251 827 2277 1.
855 2257 920 2284 pag.
951 2255 1015 2283 330.
1040 2247 1083 2283 sq.
1109 2261 1152 2268 —-
1175 2248 1269 2282 Bor,
1290 2248 1348 2283 Op.

252 2314 271 2343 l.
291 2313 371 2342 Libr.
400 2311 476 2340 xm.
494 2310 549 2338 fol.
576 2312 624 2338 68.
648 2308 699 2342 sqq
746 2321 786 2332 ω
817 2304 960 2339 Hooft,
991 2306 1049 2339 Op.
1079 2305 1099 2334 Ι.
1125 2312 1191 2340 pag.
1214 2311 1280 2338 230.
1309 2317 1353 2327 —

253 2369 352 2399 Lem
374 2375 433 2395 cet.
458 2367 510 2395 111.
531 2372 596 2401 Ρη.
617 2371 682 2400 :39-
704 2363 746 2398 sq.
