<?xml version="1.0" encoding="UTF-8"?>
<!DOCTYPE html PUBLIC "-//W3C//DTD XHTML 1.0 Transitional//EN"
    "http://www.w3.org/TR/xhtml1/DTD/xhtml1-transitional.dtd">
<html xmlns="http://www.w3.org/1999/xhtml" xml:lang="en" lang="en">
 <head>
  <title>
</title>
<meta http-equiv="Content-Type" content="text/html;charset=utf-8" />
  <meta name='ocr-system' content='tesseract 3.04.00' />
  <meta name='ocr-capabilities' content='ocr_page ocr_carea ocr_par ocr_line ocrx_word'/>
</head>
<body>
  <div class='ocr_page' id='page_1' title='image "annalesacademiae29acad_0162.png"; bbox 0 0 1524 2850; ppageno 0'>
   <div class='ocr_carea' id='block_1_1' title="bbox 264 247 1090 310">
    <p class='ocr_par' dir='ltr' id='par_1_1' title="bbox 264 247 1090 310">
     <span class='ocr_line' id='line_1_1' title="bbox 264 247 1090 310; baseline 0.005 -4"><span class='ocrx_word' id='word_1_1' title='bbox 264 247 298 306; x_wconf 69' lang='grc' dir='ltr'><em>ἕ</em></span> <span class='ocrx_word' id='word_1_2' title='bbox 556 250 1090 310; x_wconf 72' lang='lat' dir='ltr'><strong>o&#39;R&#39;A&#39;TrO.</strong></span> 
     </span>
    </p>
   </div>
   <div class='ocr_carea' id='block_1_2' title="bbox 260 389 1390 1622">
    <p class='ocr_par' dir='ltr' id='par_1_2' title="bbox 260 389 1390 1622">
     <span class='ocr_line' id='line_1_2' title="bbox 265 389 1388 465; baseline 0.005 -21"><span class='ocrx_word' id='word_1_3' title='bbox 265 399 307 445; x_wconf 87' lang='lat' dir='ltr'><strong>ri</strong></span> <span class='ocrx_word' id='word_1_4' title='bbox 336 389 579 455; x_wconf 87' lang='lat' dir='ltr'><strong>tenuerunt,</strong></span> <span class='ocrx_word' id='word_1_5' title='bbox 612 416 793 458; x_wconf 88' lang='lat' dir='ltr'><strong>quorum</strong></span> <span class='ocrx_word' id='word_1_6' title='bbox 822 417 910 447; x_wconf 92' lang='lat' dir='ltr'><strong>non</strong></span> <span class='ocrx_word' id='word_1_7' title='bbox 940 404 1065 462; x_wconf 84' lang='lat' dir='ltr'><strong>fugax</strong></span> <span class='ocrx_word' id='word_1_8' title='bbox 1096 411 1263 463; x_wconf 86' lang='lat' dir='ltr'><strong>tempus</strong></span> <span class='ocrx_word' id='word_1_9' title='bbox 1299 420 1388 465; x_wconf 86' lang='lat' dir='ltr'><strong>po-</strong></span> 
     </span>
     <span class='ocr_line' id='line_1_3' title="bbox 267 475 1388 540; baseline 0.004 -18"><span class='ocrx_word' id='word_1_10' title='bbox 267 475 349 522; x_wconf 79' lang='lat' dir='ltr'><strong>tuit</strong></span> <span class='ocrx_word' id='word_1_11' title='bbox 378 477 515 522; x_wconf 82' lang='lat' dir='ltr'><strong>delere</strong></span> <span class='ocrx_word' id='word_1_12' title='bbox 544 479 807 523; x_wconf 85' lang='lat' dir='ltr'>memoriam.</span> <span class='ocrx_word' id='word_1_13' title='bbox 870 478 978 523; x_wconf 86' lang='lat' dir='ltr'><strong>Sunt</strong></span> <span class='ocrx_word' id='word_1_14' title='bbox 1017 478 1228 524; x_wconf 83' lang='lat' dir='ltr'><strong>auditores</strong></span> <span class='ocrx_word' id='word_1_15' title='bbox 1255 496 1388 540; x_wconf 86' lang='lat' dir='ltr'><strong>prae-</strong></span> 
     </span>
     <span class='ocr_line' id='line_1_4' title="bbox 266 553 1388 612; baseline 0.004 -14"><span class='ocrx_word' id='word_1_16' title='bbox 266 553 441 607; x_wconf 79' lang='lat' dir='ltr'><strong>sertim,</strong></span> <span class='ocrx_word' id='word_1_17' title='bbox 474 554 547 611; x_wconf 90' lang='lat' dir='ltr'><strong>qui</strong></span> <span class='ocrx_word' id='word_1_18' title='bbox 590 555 830 612; x_wconf 87' lang='lat' dir='ltr'><strong>frequentes</strong></span> <span class='ocrx_word' id='word_1_19' title='bbox 867 555 940 600; x_wconf 82' lang='lat' dir='ltr'><strong>hic</strong></span> <span class='ocrx_word' id='word_1_20' title='bbox 977 557 1142 601; x_wconf 85' lang='lat' dir='ltr'><strong>adsunt.</strong></span> <span class='ocrx_word' id='word_1_21' title='bbox 1202 556 1388 603; x_wconf 82' lang='lat' dir='ltr'><strong>sienim</strong></span> 
     </span>
     <span class='ocr_line' id='line_1_5' title="bbox 262 624 1390 688; baseline 0.004 -14"><span class='ocrx_word' id='word_1_22' title='bbox 262 624 309 674; x_wconf 86' lang='lat' dir='ltr'><strong>in</strong></span> <span class='ocrx_word' id='word_1_23' title='bbox 330 624 434 674; x_wconf 86' lang='lat' dir='ltr'><strong>illos·</strong></span> <span class='ocrx_word' id='word_1_24' title='bbox 457 631 602 676; x_wconf 87' lang='lat' dir='ltr'><strong>oculos</strong></span> <span class='ocrx_word' id='word_1_25' title='bbox 630 640 832 677; x_wconf 84' lang='lat' dir='ltr'>converto</span> <span class='ocrx_word' id='word_1_26' title='bbox 850 665 862 687; x_wconf 89' lang='lat'><strong>,</strong></span> <span class='ocrx_word' id='word_1_27' title='bbox 894 633 1016 678; x_wconf 89' lang='lat' dir='ltr'><strong>video</strong></span> <span class='ocrx_word' id='word_1_28' title='bbox 1054 634 1192 688; x_wconf 87' lang='lat' dir='ltr'><strong>viros,</strong></span> <span class='ocrx_word' id='word_1_29' title='bbox 1221 635 1267 678; x_wconf 92' lang='lat' dir='ltr'><strong>in</strong></span> <span class='ocrx_word' id='word_1_30' title='bbox 1291 649 1390 678; x_wconf 90' lang='lat' dir='ltr'><strong>om·-</strong></span> 
     </span>
     <span class='ocr_line' id='line_1_6' title="bbox 262 705 1390 767; baseline 0.006 -17"><span class='ocrx_word' id='word_1_31' title='bbox 262 705 309 751; x_wconf 87' lang='lat' dir='ltr'><strong>ni</strong></span> <span class='ocrx_word' id='word_1_32' title='bbox 355 706 644 752; x_wconf 86' lang='lat' dir='ltr'><strong>doctrinarum</strong></span> <span class='ocrx_word' id='word_1_33' title='bbox 685 725 836 767; x_wconf 77' lang='lat' dir='ltr'><strong>genere</strong></span> <span class='ocrx_word' id='word_1_34' title='bbox 859 711 1129 756; x_wconf 57' lang='lat' dir='ltr'><strong>&lt;clarissimos</strong></span> <span class='ocrx_word' id='word_1_35' title='bbox 1144 729 1156 767; x_wconf 84' lang='lat'>3</span> <span class='ocrx_word' id='word_1_36' title='bbox 1201 711 1282 756; x_wconf 94' lang='lat' dir='ltr'><strong>hos</strong></span> <span class='ocrx_word' id='word_1_37' title='bbox 1322 711 1390 757; x_wconf 87' lang='lat' dir='ltr'><strong>vi·-</strong></span> 
     </span>
     <span class='ocr_line' id='line_1_7' title="bbox 266 783 1389 846; baseline 0.004 -18"><span class='ocrx_word' id='word_1_38' title='bbox 266 783 348 829; x_wconf 90' lang='lat' dir='ltr'><strong>deo</strong></span> <span class='ocrx_word' id='word_1_39' title='bbox 390 792 524 833; x_wconf 86' lang='lat' dir='ltr'><strong>aetate</strong></span> <span class='ocrx_word' id='word_1_40' title='bbox 541 818 553 841; x_wconf 88' lang='lat'>‚</span> <span class='ocrx_word' id='word_1_41' title='bbox 596 800 770 831; x_wconf 89' lang='lat' dir='ltr'><strong>munere</strong></span> <span class='ocrx_word' id='word_1_42' title='bbox 792 819 805 840; x_wconf 91' lang='lat'><strong>,</strong></span> <span class='ocrx_word' id='word_1_43' title='bbox 835 787 994 832; x_wconf 91' lang='lat' dir='ltr'><strong>meritis</strong></span> <span class='ocrx_word' id='word_1_44' title='bbox 1037 788 1315 846; x_wconf 73' lang='lat' dir='ltr'><strong>gravissimos,</strong></span> <span class='ocrx_word' id='word_1_45' title='bbox 1345 793 1389 833; x_wconf 88' lang='lat' dir='ltr'><strong>et</strong></span> 
     </span>
     <span class='ocr_line' id='line_1_8' title="bbox 265 858 1389 922; baseline 0.001 -16"><span class='ocrx_word' id='word_1_46' title='bbox 265 861 624 920; x_wconf 86' lang='lat' dir='ltr'><strong>spectatissimos3</strong></span> <span class='ocrx_word' id='word_1_47' title='bbox 670 861 792 906; x_wconf 87' lang='lat' dir='ltr'><strong>video</strong></span> <span class='ocrx_word' id='word_1_48' title='bbox 819 858 1118 922; x_wconf 83' lang='lat' dir='ltr'><strong>praeceptores</strong></span> <span class='ocrx_word' id='word_1_49' title='bbox 1160 861 1389 907; x_wconf 89' lang='lat' dir='ltr'><strong>dilectissi-</strong></span> 
     </span>
     <span class='ocr_line' id='line_1_9' title="bbox 265 939 1390 996; baseline -0.002 -14"><span class='ocrx_word' id='word_1_50' title='bbox 265 952 386 993; x_wconf 88' lang='lat' dir='ltr'><strong>mos,</strong></span> <span class='ocrx_word' id='word_1_51' title='bbox 431 939 584 996; x_wconf 91' lang='lat' dir='ltr'><strong>quibus</strong></span> <span class='ocrx_word' id='word_1_52' title='bbox 636 954 704 982; x_wconf 92' lang='lat' dir='ltr'><strong>me</strong></span> <span class='ocrx_word' id='word_1_53' title='bbox 741 939 884 982; x_wconf 87' lang='lat' dir='ltr'><strong>omnia</strong></span> <span class='ocrx_word' id='word_1_54' title='bbox 932 939 1088 983; x_wconf 90' lang='lat' dir='ltr'><strong>debere</strong></span> <span class='ocrx_word' id='word_1_55' title='bbox 1125 939 1276 985; x_wconf 87' lang='lat' dir='ltr'><strong>sentio.</strong></span> <span class='ocrx_word' id='word_1_56' title='bbox 1307 969 1390 980; x_wconf 83' lang='lat'><strong>-..</strong></span> 
     </span>
     <span class='ocr_line' id='line_1_10' title="bbox 264 1015 1386 1076; baseline 0.001 -16"><span class='ocrx_word' id='word_1_57' title='bbox 264 1016 388 1061; x_wconf 86' lang='lat' dir='ltr'><strong>Hunc</strong></span> <span class='ocrx_word' id='word_1_58' title='bbox 416 1016 544 1074; x_wconf 81' lang='lat' dir='ltr'><strong>igitur</strong></span> <span class='ocrx_word' id='word_1_59' title='bbox 571 1016 738 1069; x_wconf 91' lang='lat' dir='ltr'><strong>locum,</strong></span> <span class='ocrx_word' id='word_1_60' title='bbox 769 1015 849 1060; x_wconf 92' lang='lat' dir='ltr'><strong>hos</strong></span> <span class='ocrx_word' id='word_1_61' title='bbox 891 1016 1103 1063; x_wconf 86' lang='lat' dir='ltr'><strong>auditores</strong></span> <span class='ocrx_word' id='word_1_62' title='bbox 1131 1016 1386 1076; x_wconf 87' lang='lat' dir='ltr'><strong>respiciens,</strong></span> 
     </span>
     <span class='ocr_line' id='line_1_11' title="bbox 265 1092 1388 1153; baseline 0.002 -17"><span class='ocrx_word' id='word_1_63' title='bbox 265 1092 415 1150; x_wconf 90' lang='lat' dir='ltr'><strong>quidni</strong></span> <span class='ocrx_word' id='word_1_64' title='bbox 442 1092 710 1137; x_wconf 90' lang='lat' dir='ltr'><strong>vehementer</strong></span> <span class='ocrx_word' id='word_1_65' title='bbox 740 1107 936 1147; x_wconf 87' lang='lat' dir='ltr'><strong>movear,</strong></span> <span class='ocrx_word' id='word_1_66' title='bbox 953 1094 1147 1138; x_wconf 90' lang='lat' dir='ltr'><strong>conscius</strong></span> <span class='ocrx_word' id='word_1_67' title='bbox 1184 1093 1287 1138; x_wconf 90' lang='lat' dir='ltr'><strong>mihi</strong></span> <span class='ocrx_word' id='word_1_68' title='bbox 1314 1094 1388 1153; x_wconf 90' lang='lat' dir='ltr'><strong>ip-</strong></span> 
     </span>
     <span class='ocr_line' id='line_1_12' title="bbox 264 1169 1388 1230; baseline 0.001 -14"><span class='ocrx_word' id='word_1_69' title='bbox 264 1185 310 1216; x_wconf 90' lang='lat' dir='ltr'><strong>se</strong></span> <span class='ocrx_word' id='word_1_70' title='bbox 326 1203 337 1224; x_wconf 92' lang='lat'>‚</span> <span class='ocrx_word' id='word_1_71' title='bbox 353 1177 616 1229; x_wconf 88' lang='lat' dir='ltr'><strong>quantopere</strong></span> <span class='ocrx_word' id='word_1_72' title='bbox 634 1169 679 1213; x_wconf 91' lang='lat' dir='ltr'><strong>in</strong></span> <span class='ocrx_word' id='word_1_73' title='bbox 693 1185 760 1215; x_wconf 89' lang='lat' dir='ltr'><strong>me</strong></span> <span class='ocrx_word' id='word_1_74' title='bbox 776 1171 1036 1216; x_wconf 85' lang='lat' dir='ltr'><strong>desideretur</strong></span> <span class='ocrx_word' id='word_1_75' title='bbox 1054 1179 1095 1216; x_wconf 90' lang='lat' dir='ltr'><strong>et</strong></span> <span class='ocrx_word' id='word_1_76' title='bbox 1116 1171 1328 1230; x_wconf 83' lang='lat' dir='ltr'><strong>ingenium</strong></span> <span class='ocrx_word' id='word_1_77' title='bbox 1345 1178 1388 1217; x_wconf 84' lang='lat' dir='ltr'><strong>et</strong></span> 
     </span>
     <span class='ocr_line' id='line_1_13' title="bbox 263 1248 1387 1308; baseline -0.002 -15"><span class='ocrx_word' id='word_1_78' title='bbox 263 1248 485 1293; x_wconf 88' lang='lat' dir='ltr'><strong>doctrinae</strong></span> <span class='ocrx_word' id='word_1_79' title='bbox 514 1248 638 1307; x_wconf 88' lang='lat' dir='ltr'><strong>copia</strong></span> <span class='ocrx_word' id='word_1_80' title='bbox 654 1280 666 1302; x_wconf 91' lang='lat'><strong>,</strong></span> <span class='ocrx_word' id='word_1_81' title='bbox 683 1264 810 1305; x_wconf 86' lang='lat' dir='ltr'><strong>quam</strong></span> <span class='ocrx_word' id='word_1_82' title='bbox 829 1263 960 1308; x_wconf 84' lang='lat' dir='ltr'><strong>parca</strong></span> <span class='ocrx_word' id='word_1_83' title='bbox 987 1248 1040 1292; x_wconf 91' lang='lat' dir='ltr'><strong>sit</strong></span> <span class='ocrx_word' id='word_1_84' title='bbox 1056 1249 1249 1293; x_wconf 83' lang='lat' dir='ltr'><strong>eruditio.</strong></span> <span class='ocrx_word' id='word_1_85' title='bbox 1287 1248 1387 1305; x_wconf 87' lang='lat' dir='ltr'><strong>Quo</strong></span> 
     </span>
     <span class='ocr_line' id='line_1_14' title="bbox 260 1325 1385 1385; baseline -0.002 -13"><span class='ocrx_word' id='word_1_86' title='bbox 260 1326 397 1385; x_wconf 83' lang='lat' dir='ltr'><strong>magis</strong></span> <span class='ocrx_word' id='word_1_87' title='bbox 427 1327 477 1371; x_wconf 93' lang='lat' dir='ltr'><strong>A.</strong></span> <span class='ocrx_word' id='word_1_88' title='bbox 507 1326 561 1370; x_wconf 92' lang='lat' dir='ltr'><strong>A.</strong></span> <span class='ocrx_word' id='word_1_89' title='bbox 593 1325 629 1369; x_wconf 92' lang='lat' dir='ltr'><strong>si</strong></span> <span class='ocrx_word' id='word_1_90' title='bbox 655 1326 757 1382; x_wconf 92' lang='lat' dir='ltr'><strong>quid</strong></span> <span class='ocrx_word' id='word_1_91' title='bbox 780 1326 918 1370; x_wconf 87' lang='lat' dir='ltr'><strong>minus</strong></span> <span class='ocrx_word' id='word_1_92' title='bbox 946 1333 1142 1370; x_wconf 88' lang='lat' dir='ltr'><strong>accurate</strong></span> <span class='ocrx_word' id='word_1_93' title='bbox 1182 1333 1222 1370; x_wconf 85' lang='lat' dir='ltr'><strong>et</strong></span> <span class='ocrx_word' id='word_1_94' title='bbox 1261 1325 1385 1383; x_wconf 89' lang='lat' dir='ltr'><strong>hujus</strong></span> 
     </span>
     <span class='ocr_line' id='line_1_15' title="bbox 262 1401 1385 1462; baseline 0.001 -17"><span class='ocrx_word' id='word_1_95' title='bbox 262 1403 347 1451; x_wconf 80' lang='lat' dir='ltr'><strong>loci</strong></span> <span class='ocrx_word' id='word_1_96' title='bbox 373 1401 565 1461; x_wconf 83' lang='lat' dir='ltr'><strong>dignitati</strong></span> <span class='ocrx_word' id='word_1_97' title='bbox 603 1417 689 1447; x_wconf 90' lang='lat' dir='ltr'><strong>non</strong></span> <span class='ocrx_word' id='word_1_98' title='bbox 718 1404 843 1462; x_wconf 89' lang='lat' dir='ltr'><strong>plane</strong></span> <span class='ocrx_word' id='word_1_99' title='bbox 885 1403 1179 1448; x_wconf 85' lang='lat' dir='ltr'><strong>convenienter</strong></span> <span class='ocrx_word' id='word_1_100' title='bbox 1211 1402 1385 1456; x_wconf 75' lang='lat' dir='ltr'><strong>dixero,</strong></span> 
     </span>
     <span class='ocr_line' id='line_1_16' title="bbox 264 1480 1388 1538; baseline 0.002 -13"><span class='ocrx_word' id='word_1_101' title='bbox 264 1482 311 1525; x_wconf 89' lang='lat' dir='ltr'><strong>in</strong></span> <span class='ocrx_word' id='word_1_102' title='bbox 341 1488 500 1533; x_wconf 87' lang='lat' dir='ltr'><strong>vestra,</strong></span> <span class='ocrx_word' id='word_1_103' title='bbox 533 1495 632 1538; x_wconf 83' lang='lat' dir='ltr'><strong>erga</strong></span> <span class='ocrx_word' id='word_1_104' title='bbox 670 1495 737 1524; x_wconf 89' lang='lat' dir='ltr'><strong>me</strong></span> <span class='ocrx_word' id='word_1_105' title='bbox 774 1495 998 1538; x_wconf 87' lang='lat' dir='ltr'><strong>meamque</strong></span> <span class='ocrx_word' id='word_1_106' title='bbox 1028 1488 1207 1529; x_wconf 85' lang='lat' dir='ltr'><strong>aetatem</strong></span> <span class='ocrx_word' id='word_1_107' title='bbox 1243 1480 1388 1527; x_wconf 80' lang='lat' dir='ltr'><strong>indul-</strong></span> 
     </span>
     <span class='ocr_line' id='line_1_17' title="bbox 260 1557 868 1622; baseline 0 -19"><span class='ocrx_word' id='word_1_108' title='bbox 260 1558 433 1622; x_wconf 78' lang='lat' dir='ltr'><strong>genfia,</strong></span> <span class='ocrx_word' id='word_1_109' title='bbox 463 1564 578 1602; x_wconf 85' lang='lat' dir='ltr'><strong>totus</strong></span> <span class='ocrx_word' id='word_1_110' title='bbox 625 1557 868 1617; x_wconf 77' lang='lat' dir='ltr'><strong>acquiesco,</strong></span> 
     </span>
    </p>
   </div>
   <div class='ocr_carea' id='block_1_3' title="bbox 695 1723 943 1750">
    <p class='ocr_par' dir='ltr' id='par_1_3' title="bbox 695 1723 943 1750">
     <span class='ocr_line' id='line_1_18' title="bbox 695 1723 943 1750; baseline 0 -1"><span class='ocrx_word' id='word_1_111' title='bbox 695 1723 943 1750; x_wconf 49' lang='lat' dir='ltr'><strong>001&amp;qu</strong></span> 
     </span>
    </p>
   </div>
   <div class='ocr_carea' id='block_1_4' title="bbox 253 1874 1387 2386">
    <p class='ocr_par' dir='ltr' id='par_1_4' title="bbox 253 1874 1387 2242">
     <span class='ocr_line' id='line_1_19' title="bbox 321 1874 1387 1934; baseline -0.002 -12"><span class='ocrx_word' id='word_1_112' title='bbox 321 1878 374 1922; x_wconf 91' lang='lat' dir='ltr'><strong>In</strong></span> <span class='ocrx_word' id='word_1_113' title='bbox 412 1876 530 1921; x_wconf 89' lang='lat' dir='ltr'><strong>omni</strong></span> <span class='ocrx_word' id='word_1_114' title='bbox 566 1875 774 1920; x_wconf 88' lang='lat' dir='ltr'><strong>tradenda</strong></span> <span class='ocrx_word' id='word_1_115' title='bbox 813 1874 1033 1928; x_wconf 84' lang='lat' dir='ltr'><strong>doctrina,</strong></span> <span class='ocrx_word' id='word_1_116' title='bbox 1064 1874 1256 1934; x_wconf 88' lang='lat' dir='ltr'><strong>inprimis</strong></span> <span class='ocrx_word' id='word_1_117' title='bbox 1301 1889 1387 1920; x_wconf 91' lang='lat' dir='ltr'><strong>no-</strong></span> 
     </span>
     <span class='ocr_line' id='line_1_20' title="bbox 263 1952 1385 2014; baseline -0.003 -14"><span class='ocrx_word' id='word_1_118' title='bbox 263 1955 331 2000; x_wconf 87' lang='lat' dir='ltr'><strong>bis</strong></span> <span class='ocrx_word' id='word_1_119' title='bbox 373 1952 719 2014; x_wconf 87' lang='lat' dir='ltr'><strong>perspiciendum</strong></span> <span class='ocrx_word' id='word_1_120' title='bbox 777 1959 866 2004; x_wconf 88' lang='lat' dir='ltr'><strong>est,</strong></span> <span class='ocrx_word' id='word_1_121' title='bbox 909 1966 1116 2008; x_wconf 85' lang='lat' dir='ltr'><strong>quaenam</strong></span> <span class='ocrx_word' id='word_1_122' title='bbox 1155 1952 1208 1997; x_wconf 91' lang='lat' dir='ltr'><strong>sit</strong></span> <span class='ocrx_word' id='word_1_123' title='bbox 1252 1952 1385 2012; x_wconf 87' lang='lat' dir='ltr'><strong>ipsius</strong></span> 
     </span>
     <span class='ocr_line' id='line_1_21' title="bbox 261 2028 1385 2087; baseline -0.003 -9"><span class='ocrx_word' id='word_1_124' title='bbox 261 2030 535 2078; x_wconf 76' lang='lat' dir='ltr'><strong>institutionis</strong></span> <span class='ocrx_word' id='word_1_125' title='bbox 585 2029 704 2082; x_wconf 90' lang='lat' dir='ltr'><strong>finis,</strong></span> <span class='ocrx_word' id='word_1_126' title='bbox 768 2028 939 2085; x_wconf 86' lang='lat' dir='ltr'><strong>quinam</strong></span> <span class='ocrx_word' id='word_1_127' title='bbox 997 2028 1079 2072; x_wconf 91' lang='lat' dir='ltr'><strong>sint</strong></span> <span class='ocrx_word' id='word_1_128' title='bbox 1125 2029 1155 2072; x_wconf 92' lang='lat' dir='ltr'><strong>ii</strong></span> <span class='ocrx_word' id='word_1_129' title='bbox 1204 2044 1385 2087; x_wconf 88' lang='lat' dir='ltr'><strong>quorum</strong></span> 
     </span>
     <span class='ocr_line' id='line_1_22' title="bbox 253 2105 1386 2162; baseline -0.003 -8"><span class='ocrx_word' id='word_1_130' title='bbox 253 2107 501 2154; x_wconf 50' lang='lat' dir='ltr'><strong>*commodis</strong></span> <span class='ocrx_word' id='word_1_131' title='bbox 537 2107 762 2160; x_wconf 85' lang='lat' dir='ltr'><strong>inserviat,</strong></span> <span class='ocrx_word' id='word_1_132' title='bbox 824 2120 1030 2162; x_wconf 86' lang='lat' dir='ltr'><strong>quaenam</strong></span> <span class='ocrx_word' id='word_1_133' title='bbox 1073 2105 1156 2150; x_wconf 90' lang='lat' dir='ltr'><strong>sint</strong></span> <span class='ocrx_word' id='word_1_134' title='bbox 1200 2106 1302 2151; x_wconf 87' lang='lat' dir='ltr'><strong>item</strong></span> <span class='ocrx_word' id='word_1_135' title='bbox 1343 2114 1386 2153; x_wconf 87' lang='lat' dir='ltr'><strong>et</strong></span> 
     </span>
     <span class='ocr_line' id='line_1_23' title="bbox 262 2182 1199 2242; baseline -0.003 -11"><span class='ocrx_word' id='word_1_136' title='bbox 262 2188 456 2235; x_wconf 83' lang='lat' dir='ltr'><strong>locorum</strong></span> <span class='ocrx_word' id='word_1_137' title='bbox 493 2191 534 2228; x_wconf 90' lang='lat' dir='ltr'><strong>et</strong></span> <span class='ocrx_word' id='word_1_138' title='bbox 570 2190 811 2242; x_wconf 88' lang='lat' dir='ltr'><strong>temporum</strong></span> <span class='ocrx_word' id='word_1_139' title='bbox 846 2182 1199 2241; x_wconf 84' lang='lat' dir='ltr'><strong>opportunitates.</strong></span> 
     </span>
    </p>

    <p class='ocr_par' dir='ltr' id='par_1_5' title="bbox 257 2258 1386 2386">
     <span class='ocr_line' id='line_1_24' title="bbox 257 2258 1385 2312; baseline -0.005 0"><span class='ocrx_word' id='word_1_140' title='bbox 257 2275 260 2277; x_wconf 85' lang='grc'><strong>’</strong></span> <span class='ocrx_word' id='word_1_141' title='bbox 323 2260 508 2312; x_wconf 83' lang='lat' dir='ltr'><strong>Maxima</strong></span> <span class='ocrx_word' id='word_1_142' title='bbox 539 2260 735 2307; x_wconf 86' lang='lat' dir='ltr'><strong>nimirum</strong></span> <span class='ocrx_word' id='word_1_143' title='bbox 775 2266 838 2305; x_wconf 84' lang='lat' dir='ltr'><strong>est</strong></span> <span class='ocrx_word' id='word_1_144' title='bbox 877 2258 987 2304; x_wconf 87' lang='lat' dir='ltr'><strong>inter</strong></span> <span class='ocrx_word' id='word_1_145' title='bbox 1025 2260 1170 2306; x_wconf 85' lang='lat' dir='ltr'><strong>varios</strong></span> <span class='ocrx_word' id='word_1_146' title='bbox 1211 2260 1385 2309; x_wconf 82' lang='lat' dir='ltr'><strong>audito-</strong></span> 
     </span>
     <span class='ocr_line' id='line_1_25' title="bbox 1314 2353 1386 2386; baseline -0.014 0"><span class='ocrx_word' id='word_1_147' title='bbox 1314 2353 1386 2386; x_wconf 83' lang='lat' dir='ltr'><strong>res</strong></span> 
     </span>
    </p>
   </div>
   <div class='ocr_carea' id='block_1_5' title="bbox 1521 203 1524 1096">
    <p class='ocr_par' dir='ltr' id='par_1_6' title="bbox 1521 203 1524 1096">
     <span class='ocr_line' id='line_1_26' title="bbox 1521 203 1524 1096; baseline 0 0"><span class='ocrx_word' id='word_1_148' title='bbox 1521 203 1524 1096; x_wconf 95' lang='lat' dir='ltr'><strong> </strong></span> 
     </span>
    </p>
   </div>
  </div>
 </body>
</html>
