<?xml version="1.0" encoding="UTF-8"?>
<!DOCTYPE html PUBLIC "-//W3C//DTD XHTML 1.0 Transitional//EN"
    "http://www.w3.org/TR/xhtml1/DTD/xhtml1-transitional.dtd">
<html xmlns="http://www.w3.org/1999/xhtml" xml:lang="en" lang="en">
 <head>
  <title>
</title>
<meta http-equiv="Content-Type" content="text/html;charset=utf-8" />
  <meta name='ocr-system' content='tesseract 3.04.00' />
  <meta name='ocr-capabilities' content='ocr_page ocr_carea ocr_par ocr_line ocrx_word'/>
</head>
<body>
  <div class='ocr_page' id='page_1' title='image "annalesacademiae29acad_0324.png"; bbox 0 0 1483 2860; ppageno 0'>
   <div class='ocr_carea' id='block_1_1' title="bbox 226 217 1107 260">
    <p class='ocr_par' dir='ltr' id='par_1_1' title="bbox 226 217 1107 260">
     <span class='ocr_line' id='line_1_1' title="bbox 226 217 1107 260; baseline 0.002 -3"><span class='ocrx_word' id='word_1_1' title='bbox 226 218 298 259; x_wconf 78' lang='lat'>118</span> <span class='ocrx_word' id='word_1_2' title='bbox 446 217 1107 260; x_wconf 86' lang='lat' dir='ltr'>COMMEN·TAT10</span> 
     </span>
    </p>
   </div>
   <div class='ocr_carea' id='block_1_2' title="bbox 223 327 1351 2178">
    <p class='ocr_par' dir='ltr' id='par_1_2' title="bbox 223 327 1351 2178">
     <span class='ocr_line' id='line_1_2' title="bbox 232 327 1346 377; baseline 0.002 -11"><span class='ocrx_word' id='word_1_3' title='bbox 232 328 312 366; x_wconf 86' lang='lat' dir='ltr'>dam</span> <span class='ocrx_word' id='word_1_4' title='bbox 345 327 547 366; x_wconf 87' lang='lat' dir='ltr'>Henricum</span> <span class='ocrx_word' id='word_1_5' title='bbox 594 327 663 369; x_wconf 71' lang='lat' dir='ltr'>[V-</span> <span class='ocrx_word' id='word_1_6' title='bbox 705 327 882 366; x_wconf 86' lang='lat' dir='ltr'>adducere</span> <span class='ocrx_word' id='word_1_7' title='bbox 927 335 1083 367; x_wconf 84' lang='lat' dir='ltr'>conatus</span> <span class='ocrx_word' id='word_1_8' title='bbox 1116 336 1208 377; x_wconf 86' lang='lat' dir='ltr'>est,</span> <span class='ocrx_word' id='word_1_9' title='bbox 1274 337 1346 377; x_wconf 69' lang='lat' dir='ltr'>ut,-</span> 
     </span>
     <span class='ocr_line' id='line_1_3' title="bbox 232 396 1343 445; baseline 0 -8"><span class='ocrx_word' id='word_1_10' title='bbox 232 398 335 445; x_wconf 89' lang='lat' dir='ltr'>quod</span> <span class='ocrx_word' id='word_1_11' title='bbox 368 397 560 445; x_wconf 75' lang='lat' dir='ltr'>fingebat,</span> <span class='ocrx_word' id='word_1_12' title='bbox 612 396 923 445; x_wconf 77' lang='lat' dir='ltr'>peregrinationes</span> <span class='ocrx_word' id='word_1_13' title='bbox 954 398 993 436; x_wconf 91' lang='lat' dir='ltr'>in</span> <span class='ocrx_word' id='word_1_14' title='bbox 1035 398 1187 437; x_wconf 81' lang='lat' dir='ltr'>Terram</span> <span class='ocrx_word' id='word_1_15' title='bbox 1218 399 1343 439; x_wconf 84' lang='lat' dir='ltr'>Sanc-</span> 
     </span>
     <span class='ocr_line' id='line_1_4' title="bbox 230 466 1344 516; baseline 0 -10"><span class='ocrx_word' id='word_1_16' title='bbox 230 475 304 506; x_wconf 88' lang='lat' dir='ltr'>tam</span> <span class='ocrx_word' id='word_1_17' title='bbox 332 468 424 516; x_wconf 78' lang='lat'>(1),</span> <span class='ocrx_word' id='word_1_18' title='bbox 448 478 541 514; x_wconf 88' lang='lat' dir='ltr'>quae</span> <span class='ocrx_word' id='word_1_19' title='bbox 568 466 794 505; x_wconf 86' lang='lat' dir='ltr'>increscente</span> <span class='ocrx_word' id='word_1_20' title='bbox 827 466 1082 515; x_wconf 89' lang='lat' dir='ltr'>superstitione</span> <span class='ocrx_word' id='word_1_21' title='bbox 1113 467 1344 515; x_wconf 88' lang='lat' dir='ltr'>frequentio-</span> 
     </span>
     <span class='ocr_line' id='line_1_5' title="bbox 231 534 1341 585; baseline 0 -9"><span class='ocrx_word' id='word_1_22' title='bbox 231 548 289 577; x_wconf 81' lang='lat' dir='ltr'>res</span> <span class='ocrx_word' id='word_1_23' title='bbox 315 536 550 582; x_wconf 65' lang='lat' dir='ltr'>fiebant,‘eo</span> <span class='ocrx_word' id='word_1_24' title='bbox 574 536 731 574; x_wconf 88' lang='lat' dir='ltr'>tutiores</span> <span class='ocrx_word' id='word_1_25' title='bbox 761 534 905 585; x_wconf 88' lang='lat' dir='ltr'>essent;</span> <span class='ocrx_word' id='word_1_26' title='bbox 932 536 970 574; x_wconf 91' lang='lat' dir='ltr'>in</span> <span class='ocrx_word' id='word_1_27' title='bbox 1008 548 1116 584; x_wconf 87' lang='lat' dir='ltr'>quem</span> <span class='ocrx_word' id='word_1_28' title='bbox 1146 536 1255 576; x_wconf 84' lang='lat' dir='ltr'>finem</span> <span class='ocrx_word' id='word_1_29' title='bbox 1272 565 1286 584; x_wconf 86' lang='lat'>‚</span> <span class='ocrx_word' id='word_1_30' title='bbox 1313 537 1341 576; x_wconf 85' lang='lat' dir='ltr'><strong>fi</strong></span> 
     </span>
     <span class='ocr_line' id='line_1_6' title="bbox 231 605 1341 655; baseline -0.003 -8"><span class='ocrx_word' id='word_1_31' title='bbox 231 606 430 647; x_wconf 85' lang='lat' dir='ltr'>exercitum</span> <span class='ocrx_word' id='word_1_32' title='bbox 473 606 691 645; x_wconf 80' lang='lat' dir='ltr'>concederet</span> <span class='ocrx_word' id='word_1_33' title='bbox 727 605 957 655; x_wconf 83' lang='lat' dir='ltr'>Imperator,</span> <span class='ocrx_word' id='word_1_34' title='bbox 1007 607 1106 645; x_wconf 91' lang='lat' dir='ltr'>hunc</span> <span class='ocrx_word' id='word_1_35' title='bbox 1142 605 1341 654; x_wconf 78' lang='lat' dir='ltr'>lubenter,</span> 
     </span>
     <span class='ocr_line' id='line_1_7' title="bbox 228 674 1344 726; baseline -0.003 -10"><span class='ocrx_word' id='word_1_36' title='bbox 228 677 347 726; x_wconf 81' lang='lat' dir='ltr'>ajebat</span> <span class='ocrx_word' id='word_1_37' title='bbox 372 677 494 724; x_wconf 85' lang='lat' dir='ltr'>Papa,</span> <span class='ocrx_word' id='word_1_38' title='bbox 535 674 613 724; x_wconf 88' lang='lat' dir='ltr'>ipse</span> <span class='ocrx_word' id='word_1_39' title='bbox 651 676 824 717; x_wconf 85' lang='lat' dir='ltr'>adversus</span> <span class='ocrx_word' id='word_1_40' title='bbox 859 675 1031 715; x_wconf 86' lang='lat' dir='ltr'>[nfideles</span> <span class='ocrx_word' id='word_1_41' title='bbox 1069 676 1204 714; x_wconf 88' lang='lat' dir='ltr'>ducere</span> <span class='ocrx_word' id='word_1_42' title='bbox 1239 677 1344 714; x_wconf 82' lang='lat' dir='ltr'>vole·</span> 
     </span>
     <span class='ocr_line' id='line_1_8' title="bbox 227 744 1344 794; baseline -0.002 -10"><span class='ocrx_word' id='word_1_43' title='bbox 227 747 306 785; x_wconf 87' lang='lat' dir='ltr'>bat.</span> <span class='ocrx_word' id='word_1_44' title='bbox 360 746 432 784; x_wconf 85' lang='lat' dir='ltr'>Sed</span> <span class='ocrx_word' id='word_1_45' title='bbox 468 745 507 784; x_wconf 91' lang='lat' dir='ltr'>in</span> <span class='ocrx_word' id='word_1_46' title='bbox 532 745 600 784; x_wconf 70' lang='lat' dir='ltr'>hac</span> <span class='ocrx_word' id='word_1_47' title='bbox 630 757 669 783; x_wconf 88' lang='lat' dir='ltr'>re</span> <span class='ocrx_word' id='word_1_48' title='bbox 700 745 876 794; x_wconf 88' lang='lat' dir='ltr'>Gregorii</span> <span class='ocrx_word' id='word_1_49' title='bbox 905 746 1098 784; x_wconf 87' lang='lat' dir='ltr'>conamina</span> <span class='ocrx_word' id='word_1_50' title='bbox 1134 745 1236 783; x_wconf 88' lang='lat' dir='ltr'>irrita</span> <span class='ocrx_word' id='word_1_51' title='bbox 1259 744 1344 783; x_wconf 82' lang='lat' dir='ltr'>fue·</span> 
     </span>
     <span class='ocr_line' id='line_1_9' title="bbox 223 814 1340 864; baseline -0.002 -10"><span class='ocrx_word' id='word_1_52' title='bbox 223 824 341 864; x_wconf 71' lang='lat' dir='ltr'>runt3</span> <span class='ocrx_word' id='word_1_53' title='bbox 368 815 534 854; x_wconf 88' lang='lat' dir='ltr'>nondum</span> <span class='ocrx_word' id='word_1_54' title='bbox 578 815 783 854; x_wconf 82' lang='lat' dir='ltr'>hierarchia</span> <span class='ocrx_word' id='word_1_55' title='bbox 820 816 985 854; x_wconf 85' lang='lat' dir='ltr'>omnium</span> <span class='ocrx_word' id='word_1_56' title='bbox 1009 814 1130 853; x_wconf 35' lang='lat' dir='ltr'>&#39;causa</span> <span class='ocrx_word' id='word_1_57' title='bbox 1157 815 1340 862; x_wconf 79' lang='lat' dir='ltr'>evaserat3</span> 
     </span>
     <span class='ocr_line' id='line_1_10' title="bbox 226 882 1343 933; baseline 0 -9"><span class='ocrx_word' id='word_1_58' title='bbox 226 894 264 924; x_wconf 89' lang='lat' dir='ltr'>et</span> <span class='ocrx_word' id='word_1_59' title='bbox 294 885 397 933; x_wconf 85' lang='lat' dir='ltr'>spem</span> <span class='ocrx_word' id='word_1_60' title='bbox 433 885 525 923; x_wconf 84' lang='lat' dir='ltr'>adeo</span> <span class='ocrx_word' id='word_1_61' title='bbox 565 882 700 921; x_wconf 78' lang='lat' dir='ltr'>fefellit</span> <span class='ocrx_word' id='word_1_62' title='bbox 741 893 928 931; x_wconf 85' lang='lat' dir='ltr'>eventus,</span> <span class='ocrx_word' id='word_1_63' title='bbox 970 893 1013 922; x_wconf 88' lang='lat' dir='ltr'>ut</span> <span class='ocrx_word' id='word_1_64' title='bbox 1054 884 1240 923; x_wconf 89' lang='lat' dir='ltr'>Henricus</span> <span class='ocrx_word' id='word_1_65' title='bbox 1271 884 1343 924; x_wconf 81' lang='lat' dir='ltr'><strong>IV.-</strong></span> 
     </span>
     <span class='ocr_line' id='line_1_11' title="bbox 226 952 1346 1002; baseline -0.001 -8"><span class='ocrx_word' id='word_1_66' title='bbox 226 954 390 995; x_wconf 82' lang='lat' dir='ltr'>exercitu</span> <span class='ocrx_word' id='word_1_67' title='bbox 405 981 420 1001; x_wconf 85' lang='lat'><strong>,</strong></span> <span class='ocrx_word' id='word_1_68' title='bbox 447 963 557 1002; x_wconf 89' lang='lat' dir='ltr'>quem</span> <span class='ocrx_word' id='word_1_69' title='bbox 586 953 634 991; x_wconf 86' lang='lat' dir='ltr'>ad</span> <span class='ocrx_word' id='word_1_70' title='bbox 669 952 908 992; x_wconf 83' lang='lat' dir='ltr'>hierarchiam</span> <span class='ocrx_word' id='word_1_71' title='bbox 941 952 1163 993; x_wconf 75' lang='lat' dir='ltr'>fulciendam</span> <span class='ocrx_word' id='word_1_72' title='bbox 1189 964 1346 1002; x_wconf 87' lang='lat' dir='ltr'>rogave·</span> 
     </span>
     <span class='ocr_line' id='line_1_12' title="bbox 224 1020 1082 1073; baseline -0.005 -7"><span class='ocrx_word' id='word_1_73' title='bbox 224 1035 280 1066; x_wconf 86' lang='lat' dir='ltr'>rat</span> <span class='ocrx_word' id='word_1_74' title='bbox 305 1026 427 1073; x_wconf 80' lang='lat' dir='ltr'>Papa,</span> <span class='ocrx_word' id='word_1_75' title='bbox 463 1020 777 1071; x_wconf 85' lang='lat' dir='ltr'>adversus.ipsum</span> <span class='ocrx_word' id='word_1_76' title='bbox 805 1030 972 1062; x_wconf 90' lang='lat' dir='ltr'>uteretur</span> <span class='ocrx_word' id='word_1_77' title='bbox 996 1023 1082 1072; x_wconf 84' lang='lat'><strong>(2).</strong></span> 
     </span>
     <span class='ocr_line' id='line_1_13' title="bbox 230 1086 1345 1142; baseline 0 -10"><span class='ocrx_word' id='word_1_78' title='bbox 230 1112 231 1115; x_wconf 58' lang='lat'><em>=</em></span> <span class='ocrx_word' id='word_1_79' title='bbox 254 1086 412 1142; x_wconf 75' lang='lat' dir='ltr'>-Longe</span> <span class='ocrx_word' id='word_1_80' title='bbox 435 1101 557 1133; x_wconf 87' lang='lat' dir='ltr'>tamen</span> <span class='ocrx_word' id='word_1_81' title='bbox 583 1092 734 1141; x_wconf 82' lang='lat' dir='ltr'>abfuit„</span> <span class='ocrx_word' id='word_1_82' title='bbox 752 1101 801 1133; x_wconf 80' lang='lat' dir='ltr'>ut</span> <span class='ocrx_word' id='word_1_83' title='bbox 827 1093 952 1133; x_wconf 87' lang='lat' dir='ltr'>omnia</span> <span class='ocrx_word' id='word_1_84' title='bbox 979 1093 1223 1133; x_wconf 88' lang='lat' dir='ltr'>Hildebrandi</span> <span class='ocrx_word' id='word_1_85' title='bbox 1247 1092 1345 1132; x_wconf 85' lang='lat' dir='ltr'>facta</span> 
     </span>
     <span class='ocr_line' id='line_1_14' title="bbox 224 1161 1338 1212; baseline -0.002 -8"><span class='ocrx_word' id='word_1_86' title='bbox 224 1164 335 1205; x_wconf 85' lang='lat' dir='ltr'>noxia</span> <span class='ocrx_word' id='word_1_87' title='bbox 358 1162 492 1202; x_wconf 73' lang='lat' dir='ltr'>essent.</span> <span class='ocrx_word' id='word_1_88' title='bbox 544 1161 697 1202; x_wconf 86' lang='lat' dir='ltr'>Etenim</span> <span class='ocrx_word' id='word_1_89' title='bbox 728 1163 784 1202; x_wconf 91' lang='lat' dir='ltr'>uti</span> <span class='ocrx_word' id='word_1_90' title='bbox 808 1163 950 1212; x_wconf 89' lang='lat' dir='ltr'>optima</span> <span class='ocrx_word' id='word_1_91' title='bbox 975 1163 1126 1203; x_wconf 80' lang='lat' dir='ltr'>consilia</span> <span class='ocrx_word' id='word_1_92' title='bbox 1147 1163 1338 1203; x_wconf 86' lang='lat' dir='ltr'>calamito-</span> 
     </span>
     <span class='ocr_line' id='line_1_15' title="bbox 224 1231 1343 1282; baseline -0.001 -8"><span class='ocrx_word' id='word_1_93' title='bbox 224 1235 285 1274; x_wconf 89' lang='lat' dir='ltr'>sos</span> <span class='ocrx_word' id='word_1_94' title='bbox 317 1238 584 1281; x_wconf 83' lang='lat' dir='ltr'>nonnunquam</span> <span class='ocrx_word' id='word_1_95' title='bbox 620 1231 775 1272; x_wconf 83' lang='lat' dir='ltr'>effectus</span> <span class='ocrx_word' id='word_1_96' title='bbox 809 1233 973 1281; x_wconf 84' lang='lat' dir='ltr'>habent,</span> <span class='ocrx_word' id='word_1_97' title='bbox 1026 1233 1074 1272; x_wconf 88' lang='lat' dir='ltr'>fic</span> <span class='ocrx_word' id='word_1_98' title='bbox 1114 1241 1152 1271; x_wconf 88' lang='lat' dir='ltr'>et</span> <span class='ocrx_word' id='word_1_99' title='bbox 1186 1232 1343 1282; x_wconf 71' lang='lat' dir='ltr'>pessima</span> 
     </span>
     <span class='ocr_line' id='line_1_16' title="bbox 225 1301 1343 1352; baseline -0.004 -9"><span class='ocrx_word' id='word_1_100' title='bbox 225 1303 423 1352; x_wconf 70' lang='lat' dir='ltr'>aliquando</span> <span class='ocrx_word' id='word_1_101' title='bbox 454 1303 519 1341; x_wconf 70' lang='lat' dir='ltr'>¹ad</span> <span class='ocrx_word' id='word_1_102' title='bbox 564 1301 750 1344; x_wconf 82' lang='lat' dir='ltr'>feliciores</span> <span class='ocrx_word' id='word_1_103' title='bbox 806 1302 928 1341; x_wconf 82' lang='lat' dir='ltr'>exitus</span> <span class='ocrx_word' id='word_1_104' title='bbox 963 1304 1139 1342; x_wconf 89' lang='lat' dir='ltr'>.ducunt.</span> <span class='ocrx_word' id='word_1_105' title='bbox 1218 1301 1343 1344; x_wconf 78' lang='lat' dir='ltr'>Nimi-</span> 
     </span>
     <span class='ocr_line' id='line_1_17' title="bbox 227 1360 1342 1420; baseline -0.003 -8"><span class='ocrx_word' id='word_1_106' title='bbox 227 1385 310 1412; x_wconf 85' lang='lat' dir='ltr'>rum</span> <span class='ocrx_word' id='word_1_107' title='bbox 360 1373 432 1411; x_wconf 87' lang='lat' dir='ltr'>hoc</span> <span class='ocrx_word' id='word_1_108' title='bbox 482 1371 706 1411; x_wconf 85' lang='lat' dir='ltr'>feodalitatis</span> <span class='ocrx_word' id='word_1_109' title='bbox 758 1360 927 1420; x_wconf 80' lang='lat' dir='ltr'>tempore</span> <span class='ocrx_word' id='word_1_110' title='bbox 977 1373 1130 1410; x_wconf 84' lang='lat' dir='ltr'>vinculo</span> <span class='ocrx_word' id='word_1_111' title='bbox 1179 1372 1342 1420; x_wconf 88' lang='lat' dir='ltr'>quodam</span> 
     </span>
     <span class='ocr_line' id='line_1_18' title="bbox 226 1440 1343 1492; baseline -0.002 -11"><span class='ocrx_word' id='word_1_112' title='bbox 226 1454 325 1492; x_wconf 87' lang='lat' dir='ltr'>opus</span> <span class='ocrx_word' id='word_1_113' title='bbox 350 1450 427 1481; x_wconf 88' lang='lat' dir='ltr'>erat</span> <span class='ocrx_word' id='word_1_114' title='bbox 441 1470 454 1490; x_wconf 88' lang='lat'>,</span> <span class='ocrx_word' id='word_1_115' title='bbox 477 1453 554 1489; x_wconf 84' lang='lat' dir='ltr'>quo</span> <span class='ocrx_word' id='word_1_116' title='bbox 576 1447 704 1488; x_wconf 85' lang='lat' dir='ltr'>gentes</span> <span class='ocrx_word' id='word_1_117' title='bbox 728 1441 883 1480; x_wconf 81' lang='lat' dir='ltr'>interse</span> <span class='ocrx_word' id='word_1_118' title='bbox 903 1441 1180 1491; x_wconf 86' lang='lat' dir='ltr'>conjunctiores</span> <span class='ocrx_word' id='word_1_119' title='bbox 1197 1440 1343 1490; x_wconf 77' lang='lat' dir='ltr'>essent3</span> 
     </span>
     <span class='ocr_line' id='line_1_19' title="bbox 223 1510 1346 1565; baseline -0.002 -14"><span class='ocrx_word' id='word_1_120' title='bbox 223 1514 298 1565; x_wconf 70' lang='lat' dir='ltr'>iam</span> <span class='ocrx_word' id='word_1_121' title='bbox 334 1524 423 1551; x_wconf 84' lang='lat' dir='ltr'>vero</span> <span class='ocrx_word' id='word_1_122' title='bbox 448 1511 564 1550; x_wconf 87' lang='lat' dir='ltr'>hocce</span> <span class='ocrx_word' id='word_1_123' title='bbox 587 1510 824 1549; x_wconf 86' lang='lat' dir='ltr'>Hierarchiae</span> <span class='ocrx_word' id='word_1_124' title='bbox 858 1510 1043 1559; x_wconf 83' lang='lat' dir='ltr'>imperio,</span> <span class='ocrx_word' id='word_1_125' title='bbox 1072 1511 1177 1559; x_wconf 86' lang='lat' dir='ltr'>quod</span> <span class='ocrx_word' id='word_1_126' title='bbox 1197 1511 1346 1560; x_wconf 83' lang='lat' dir='ltr'>Grego-</span> 
     </span>
     <span class='ocr_line' id='line_1_20' title="bbox 227 1580 1346 1628; baseline -0.001 -7"><span class='ocrx_word' id='word_1_127' title='bbox 227 1583 308 1621; x_wconf 87' lang='lat' dir='ltr'>rius</span> <span class='ocrx_word' id='word_1_128' title='bbox 342 1581 538 1628; x_wconf 82' lang='lat' dir='ltr'>condidit,</span> <span class='ocrx_word' id='word_1_129' title='bbox 579 1592 710 1618; x_wconf 88' lang='lat' dir='ltr'>omnes</span> <span class='ocrx_word' id='word_1_130' title='bbox 738 1580 945 1620; x_wconf 84' lang='lat' dir='ltr'>Christiani</span> <span class='ocrx_word' id='word_1_131' title='bbox 979 1580 1016 1619; x_wconf 90' lang='lat' dir='ltr'>in</span> <span class='ocrx_word' id='word_1_132' title='bbox 1043 1581 1154 1619; x_wconf 89' lang='lat' dir='ltr'>variis</span> <span class='ocrx_word' id='word_1_133' title='bbox 1185 1580 1346 1628; x_wconf 77' lang='lat' dir='ltr'>regioni-</span> 
     </span>
     <span class='ocr_line' id='line_1_21' title="bbox 227 1649 1351 1699; baseline -0.001 -8"><span class='ocrx_word' id='word_1_134' title='bbox 227 1653 300 1691; x_wconf 90' lang='lat' dir='ltr'>bus</span> <span class='ocrx_word' id='word_1_135' title='bbox 328 1653 375 1695; x_wconf 84' lang='lat' dir='ltr'>ad</span> <span class='ocrx_word' id='word_1_136' title='bbox 408 1663 516 1690; x_wconf 79' lang='lat' dir='ltr'>unam</span> <span class='ocrx_word' id='word_1_137' title='bbox 552 1650 812 1699; x_wconf 75' lang='lat' dir='ltr'>redigebantur</span> <span class='ocrx_word' id='word_1_138' title='bbox 847 1649 1085 1697; x_wconf 82' lang='lat' dir='ltr'>societatem,</span> <span class='ocrx_word' id='word_1_139' title='bbox 1134 1649 1269 1689; x_wconf 85' lang='lat' dir='ltr'>sacram</span> <span class='ocrx_word' id='word_1_140' title='bbox 1299 1651 1351 1691; x_wconf 57' lang='lat' dir='ltr'>ril-</span> 
     </span>
     <span class='ocr_line' id='line_1_22' title="bbox 224 1719 1346 1771; baseline -0.002 -10"><span class='ocrx_word' id='word_1_141' title='bbox 224 1724 327 1771; x_wconf 84' lang='lat' dir='ltr'>lam,</span> <span class='ocrx_word' id='word_1_142' title='bbox 363 1722 402 1760; x_wconf 90' lang='lat' dir='ltr'>in</span> <span class='ocrx_word' id='word_1_143' title='bbox 433 1723 508 1768; x_wconf 67' lang='lat' dir='ltr'>qua</span> <span class='ocrx_word' id='word_1_144' title='bbox 538 1732 611 1759; x_wconf 91' lang='lat' dir='ltr'>una</span> <span class='ocrx_word' id='word_1_145' title='bbox 643 1721 797 1770; x_wconf 77' lang='lat' dir='ltr'>lingua,</span> <span class='ocrx_word' id='word_1_146' title='bbox 846 1719 979 1760; x_wconf 88' lang='lat' dir='ltr'>fimiles</span> <span class='ocrx_word' id='word_1_147' title='bbox 1015 1720 1136 1768; x_wconf 84' lang='lat' dir='ltr'>ritus,</span> <span class='ocrx_word' id='word_1_148' title='bbox 1172 1721 1346 1769; x_wconf 87' lang='lat' dir='ltr'>princeps</span> 
     </span>
     <span class='ocr_line' id='line_1_23' title="bbox 223 1789 1347 1839; baseline -0.001 -8"><span class='ocrx_word' id='word_1_149' title='bbox 223 1793 320 1831; x_wconf 85' lang='lat' dir='ltr'>idem</span> <span class='ocrx_word' id='word_1_150' title='bbox 347 1803 496 1839; x_wconf 85' lang='lat' dir='ltr'>unaque</span> <span class='ocrx_word' id='word_1_151' title='bbox 519 1791 738 1839; x_wconf 82' lang='lat' dir='ltr'>metropolis</span> <span class='ocrx_word' id='word_1_152' title='bbox 755 1818 768 1837; x_wconf 90' lang='lat'><strong>‚</strong></span> <span class='ocrx_word' id='word_1_153' title='bbox 784 1789 1116 1836; x_wconf 82' lang='lat' dir='ltr'>Roma‚omnibus</span> <span class='ocrx_word' id='word_1_154' title='bbox 1144 1798 1233 1828; x_wconf 89' lang='lat' dir='ltr'>erat.</span> <span class='ocrx_word' id='word_1_155' title='bbox 1254 1790 1347 1830; x_wconf 68' lang='lat' dir='ltr'>,Hu-</span> 
     </span>
     <span class='ocr_line' id='line_1_24' title="bbox 223 1859 1341 1913; baseline -0.002 -13"><span class='ocrx_word' id='word_1_156' title='bbox 223 1864 285 1913; x_wconf 75' lang='lat' dir='ltr'>jus</span> <span class='ocrx_word' id='word_1_157' title='bbox 310 1861 456 1909; x_wconf 83' lang='lat' dir='ltr'>quidem</span> <span class='ocrx_word' id='word_1_158' title='bbox 471 1861 612 1899; x_wconf 79' lang='lat' dir='ltr'>vinculi</span> <span class='ocrx_word' id='word_1_159' title='bbox 633 1861 690 1899; x_wconf 89' lang='lat' dir='ltr'>vis</span> <span class='ocrx_word' id='word_1_160' title='bbox 715 1860 872 1898; x_wconf 81' lang='lat' dir='ltr'>maxime</span> <span class='ocrx_word' id='word_1_161' title='bbox 896 1859 934 1896; x_wconf 91' lang='lat' dir='ltr'>in</span> <span class='ocrx_word' id='word_1_162' title='bbox 958 1859 1259 1907; x_wconf 86' lang='lat' dir='ltr'>expeditionibus</span> <span class='ocrx_word' id='word_1_163' title='bbox 1289 1859 1341 1899; x_wconf 83' lang='lat' dir='ltr'>sa-</span> 
     </span>
     <span class='ocr_line' id='line_1_25' title="bbox 224 1928 1344 1981; baseline -0.004 -9"><span class='ocrx_word' id='word_1_164' title='bbox 224 1933 300 1973; x_wconf 80' lang='lat' dir='ltr'>cris</span> <span class='ocrx_word' id='word_1_165' title='bbox 317 1931 507 1981; x_wconf 72' lang='lat' dir='ltr'>apparuit.</span> <span class='ocrx_word' id='word_1_166' title='bbox 530 1930 642 1968; x_wconf 90' lang='lat' dir='ltr'>Tunc</span> <span class='ocrx_word' id='word_1_167' title='bbox 676 1930 772 1968; x_wconf 84' lang='lat' dir='ltr'>enim</span> <span class='ocrx_word' id='word_1_168' title='bbox 799 1930 918 1967; x_wconf 86' lang='lat' dir='ltr'>variae</span> <span class='ocrx_word' id='word_1_169' title='bbox 939 1937 1066 1977; x_wconf 85' lang='lat' dir='ltr'>gentes</span> <span class='ocrx_word' id='word_1_170' title='bbox 1082 1956 1094 1975; x_wconf 85' lang='lat'><strong>‚</strong></span> <span class='ocrx_word' id='word_1_171' title='bbox 1116 1929 1242 1966; x_wconf 83' lang='lat' dir='ltr'>eodem</span> <span class='ocrx_word' id='word_1_172' title='bbox 1268 1928 1344 1968; x_wconf 85' lang='lat' dir='ltr'>stu-</span> 
     </span>
     <span class='ocr_line' id='line_1_26' title="bbox 225 1997 1340 2047; baseline -0.002 -7"><span class='ocrx_word' id='word_1_173' title='bbox 225 2002 290 2041; x_wconf 84' lang='lat' dir='ltr'>dio</span> <span class='ocrx_word' id='word_1_174' title='bbox 324 2002 483 2047; x_wconf 82' lang='lat' dir='ltr'>ductae,</span> <span class='ocrx_word' id='word_1_175' title='bbox 508 1999 619 2038; x_wconf 85' lang='lat' dir='ltr'>unius</span> <span class='ocrx_word' id='word_1_176' title='bbox 656 1999 814 2039; x_wconf 83' lang='lat' dir='ltr'>familiae</span> <span class='ocrx_word' id='word_1_177' title='bbox 840 1997 975 2045; x_wconf 80' lang='lat' dir='ltr'>instar,</span> <span class='ocrx_word' id='word_1_178' title='bbox 1005 1998 1154 2036; x_wconf 85' lang='lat' dir='ltr'>eandem</span> <span class='ocrx_word' id='word_1_179' title='bbox 1185 2008 1340 2046; x_wconf 85' lang='lat' dir='ltr'>egerunt</span> 
     </span>
     <span class='ocr_line' id='line_1_27' title="bbox 223 2069 1343 2119; baseline -0.003 -8"><span class='ocrx_word' id='word_1_180' title='bbox 223 2071 383 2111; x_wconf 83' lang='lat' dir='ltr'>causam.</span> <span class='ocrx_word' id='word_1_181' title='bbox 436 2071 579 2109; x_wconf 90' lang='lat' dir='ltr'>Verum</span> <span class='ocrx_word' id='word_1_182' title='bbox 613 2069 709 2108; x_wconf 86' lang='lat' dir='ltr'>enim</span> <span class='ocrx_word' id='word_1_183' title='bbox 739 2081 828 2108; x_wconf 89' lang='lat' dir='ltr'>vero</span> <span class='ocrx_word' id='word_1_184' title='bbox 855 2069 986 2119; x_wconf 88' lang='lat' dir='ltr'>populi</span> <span class='ocrx_word' id='word_1_185' title='bbox 1024 2069 1092 2107; x_wconf 73' lang='lat' dir='ltr'>hac</span> <span class='ocrx_word' id='word_1_186' title='bbox 1117 2070 1343 2118; x_wconf 86' lang='lat' dir='ltr'>opportuni-</span> 
     </span>
     <span class='ocr_line' id='line_1_28' title="bbox 1289 2148 1342 2178; baseline 0.019 -1"><span class='ocrx_word' id='word_1_187' title='bbox 1289 2148 1342 2178; x_wconf 83' lang='lat' dir='ltr'>ta-</span> 
     </span>
    </p>
   </div>
   <div class='ocr_carea' id='block_1_3' title="bbox 258 2231 1303 2331">
    <p class='ocr_par' dir='ltr' id='par_1_3' title="bbox 258 2231 1303 2331">
     <span class='ocr_line' id='line_1_29' title="bbox 258 2231 1124 2277; baseline -0.006 -11"><span class='ocrx_word' id='word_1_188' title='bbox 258 2237 314 2277; x_wconf 87' lang='lat'>(1)</span> <span class='ocrx_word' id='word_1_189' title='bbox 334 2237 404 2265; x_wconf 88' lang='lat' dir='ltr'>Vid.</span> <span class='ocrx_word' id='word_1_190' title='bbox 428 2236 531 2273; x_wconf 72' lang='lat' dir='ltr'>Epist.</span> <span class='ocrx_word' id='word_1_191' title='bbox 554 2236 668 2269; x_wconf 73' lang='lat' dir='ltr'>Greg.</span> <span class='ocrx_word' id='word_1_192' title='bbox 694 2231 764 2262; x_wconf 86' lang='lat' dir='ltr'>Lib.</span> <span class='ocrx_word' id='word_1_193' title='bbox 788 2233 828 2262; x_wconf 90' lang='lat'>11.</span> <span class='ocrx_word' id='word_1_194' title='bbox 853 2233 942 2269; x_wconf 86' lang='lat' dir='ltr'>epist.</span> <span class='ocrx_word' id='word_1_195' title='bbox 964 2241 996 2267; x_wconf 75' lang='lat'>31</span> <span class='ocrx_word' id='word_1_196' title='bbox 1022 2240 1053 2261; x_wconf 82' lang='lat' dir='ltr'>et</span> <span class='ocrx_word' id='word_1_197' title='bbox 1076 2241 1124 2267; x_wconf 79' lang='lat'>37-</span> 
     </span>
     <span class='ocr_line' id='line_1_30' title="bbox 259 2289 1303 2331; baseline -0.003 -8"><span class='ocrx_word' id='word_1_198' title='bbox 259 2294 314 2331; x_wconf 79' lang='lat'>(2)</span> <span class='ocrx_word' id='word_1_199' title='bbox 333 2294 425 2327; x_wconf 88' lang='lat' dir='ltr'>Conf.</span> <span class='ocrx_word' id='word_1_200' title='bbox 449 2292 535 2326; x_wconf 80' lang='lat' dir='ltr'>hujus</span> <span class='ocrx_word' id='word_1_201' title='bbox 562 2291 850 2327; x_wconf 73' lang='lat' dir='ltr'>commentationis,</span> <span class='ocrx_word' id='word_1_202' title='bbox 877 2293 956 2321; x_wconf 79' lang='lat' dir='ltr'>Pan.</span> <span class='ocrx_word' id='word_1_203' title='bbox 984 2291 1029 2327; x_wconf 90' lang='lat'>11,</span> <span class='ocrx_word' id='word_1_204' title='bbox 1055 2290 1131 2327; x_wconf 81' lang='lat' dir='ltr'>Cap.</span> <span class='ocrx_word' id='word_1_205' title='bbox 1155 2289 1201 2327; x_wconf 86' lang='lat'>11,</span> <span class='ocrx_word' id='word_1_206' title='bbox 1222 2290 1252 2326; x_wconf 78' lang='lat'>§-</span> <span class='ocrx_word' id='word_1_207' title='bbox 1274 2299 1303 2326; x_wconf 72' lang='lat'>3.</span> 
     </span>
    </p>
   </div>
  </div>
 </body>
</html>
