1483 2860
225 240 276 290 26
453 236 1122 289 COMMENTARIA

226 362 357 402 magna
371 352 503 402 populi
518 350 657 400 Belgici
677 361 762 398 pars
792 348 925 387 ultimo
951 345 1136 396 supplicio
1155 340 1347 384 afficienda

226 422 334 462 esset.
393 422 520 473 Quare
535 430 593 459 tot
616 428 792 468 tantaque
817 417 1103 467 malaapatria‚
1120 424 1351 464 quocunque

226 494 379 544 possent
404 492 517 530 modo
533 520 546 539 ,
573 499 737 529 avertere
762 490 997 546 Gulielm
1013 500 1072 526 us
1098 486 1240 536 quique
1263 498 1349 524 eum

225 563 474 612 sequebantur
508 561 767 601 decreverunt.
822 559 1060 604 Gulielm
1076 569 1099 596 o
1123 568 1214 597 vero
1241 555 1355 595 mini·

225 646 286 673 me
330 633 387 673 uti
425 634 682 672 Perenoto
713 631 943 681 perditorum
987 641 1030 668 ac
1063 628 1352 678 profligatorum

224 702 423 746 hominum
459 700 607 740 favebat
631 700 865 748 multitud03
895 699 955 738 sed
989 709 1119 737 onmes
1153 696 1233 736 fere
1268 696 1354 740 Bel-7

225 785 356 823 garum
386 783 560 822 proceres
576 800 589 820 ‚
615 771 791 820 ordines,
817 770 1044 818 nobilesque
1069 769 1155 819 (1).
1191 769 1254 808 Ex
1279 778 1354 814 qua

225 856 266 884 re
297 845 373 893 Jam
401 842 487 880 satis
512 842 642 890 colligi
664 841 752 880 licet
788 840 960 888 cuinam,
989 849 1116 878 utrum
1147 840 1299 876 Peren
1312 848 1356 875 o-

226 911 278 951 το
310 924 358 951 an
389 912 665 951 Gulielmo
695 909 838 960 optima
862 894 921 948 fes
945 908 1051 947 cordi
1077 906 1186 946 esset.

277 985 306 1024 P
321 995 370 1022 er
382 995 402 1022 e
414 994 440 1021 n
456 995 479 1021 0
495 991 511 1020 t
527 994 551 1021 u
567 994 586 1020 s
637 990 736 1020 certe
785 980 904 1029 magis
955 978 1125 1029 potentia
1171 976 1321 1015 va-lebat'
1338 1001 1354 1023 ,

226 1054 370 1102 quippe
395 1054 505 1102 cujus
549 1043 706 1090 arbitrio
749 1050 874 1089 omnia
909 1049 949 1088 in
986 1051 1070 1087 aula
1109 1056 1352 1097 gererentur3

227 1132 266 1164 at
294 1127 394 1163 'vero
442 1131 574 1162 natura
614 1122 729 1160 nimis
768 1130 844 1159 erat
888 1120 1097 1169 superbus,
1142 1117 1351 1168 pervicax,

227 1194 512 1242 imperandique
547 1193 752 1242 cupiditate
778 1192 1026 1239 conflagrans.
1082 1187 1246 1227 Tametfi
1282 1187 1358 1224 cal-

226 1264 371 1303 liditate
409 1263 562 1301 minime
607 1263 811 1301 destitutus
850 1261 945 1299 esset
968 1289 982 1307 ‚
1037 1259 1073 1298 se
1118 1258 1196 1307 ipse
1231 1265 1357 1296 tamen

227 1345 355 1383 regere
388 1342 425 1371 et
471 1333 644 1381 mitigare
692 1343 771 1370 non
821 1332 1029 1376 didicerat,
1083 1328 1359 1368 disfimulandi·

231 1416 306 1452 que
337 1412 475 1451 artem,
518 1415 592 1452 qua
630 1403 744 1440 tantis
777 1402 890 1440 rebus
925 1401 1111 1439 inhiantes
1160 1399 1357 1446 homines,

231 1473 387 1512 omnino
419 1485 544 1511 carere
581 1484 659 1511 non
692 1471 877 1520 possunt,
918 1483 1049 1519 parum
1089 1478 1260 1508 noverat.
1313 1469 1358 1508 In

231 1543 456 1582 Gulielm
471 1554 495 1581 o
530 1555 620 1580 vero
646 1542 786 1580 summa
809 1541 996 1580 eminebat
1021 1542 1219 1590 prudentia
1234 1570 1248 1589 ,
1275 1552 1361 1590 per-

229 1613 449 1662 spicacitas,
476 1614 539 1651 cui
566 1613 796 1663 singularem}
823 1614 1141 1658 moderationem,
1169 1612 1360 1652 lenitatem

232 1693 269 1723 et
289 1713 302 1732 ,
344 1693 389 1722 ut
423 1684 475 1722 ita
499 1685 643 1730 dicam,
686 1684 910 1722 sedationem
935 1684 1165 1732 adjtinxerat.
1219 1682 1360 1721 Comis

232 1762 310 1793 erat
343 1767 385 1793 ac
430 1755 650 1801 modestus,
705 1754 751 1793 ab
793 1753 897 1792 omni
939 1752 1043 1791 fastu
1082 1765 1124 1791 ac
1160 1752 1361 1801 supercilio

234 1836 345 1873 quam
381 1824 539 1863 maxime
569 1824 727 1862 alienus.
781 1824 863 1863 Ubi
898 1835 955 1861 res
985 1824 1221 1871 postularet,
1248 1822 1364 1860 firmi-

233 1903 318 1941 ter,
345 1893 554 1932 constanter
579 1904 616 1932 et
636 1894 816 1940 nervose,
854 1893 1070 1932 sententiam
1100 1892 1201 1931 suam
1234 1890 1362 1940 profe-

234 1966 368 2014 rebat,
422 1974 583 2003 attamen
625 1964 767 2014 semper
798 1964 873 2001 rite
908 1964 1010 2013 apud
1045 1961 1080 2001 se
1111 1963 1362 2012 decernebat,

235 2035 330 2086 quid
356 2035 602 2083 edicendum,
630 2034 771 2083 quidve
798 2035 995 2074 tacendum
1033 2034 1126 2074 esset
1151 2034 1237 2086 (2).
1274 2035 1366 2084 Eg·

1238 2116 1367 2144 mon·

271 2178 329 2215 (1)
349 2177 422 2207 Vid.
446 2178 547 2206 Leven
569 2184 647 2206 caet.
673 2178 696 2207 Ι.
717 2185 785 2212 pag.
808 2181 876 2212 306.

275 2236 331 2272 (α)
352 2236 400 2264 De
440 2234 641 2264 Gulielmi
679 2234 782 2263 indole
817 2234 958 2264 videatur
997 2234 1122 2264 omnino
1154 2234 1239 2264 Nic.
1274 2235 1366 2272 But·

235 2293 392 2330 gundns
415 2293 477 2328 Op.
499 2292 521 2321 l.
544 2298 612 2327 pag.
635 2298 685 2326 3¹·
