1483 2860
227 218 271 256 18
451 209 1117 257 COMMENTATIO

227 326 366 370 Vinum
400 332 521 363 autem
539 352 553 371 .,
579 331 774 369 antequam
815 321 860 358 ad
893 328 1036 357 acetum
1066 318 1339 357 conficiendum

223 392 442 440 adhibetur,
466 404 531 441 per
556 391 709 437 aliquod
739 398 886 437 tempus
907 387 1131 434 relinquitur
1155 387 1192 425 in
1214 386 1338 435 cadis,

225 463 363 512 quibus
396 463 492 500 inest
516 460 625 500 series
651 468 899 511 ramentorum
917 458 1174 506 fagineorum,
1203 455 1343 504 quibus

224 520 396 579 ramentis
428 529 513 584 faex
538 527 626 581 vinij
644 528 715 566 sese
740 528 870 575 affigit.
921 527 959 565 T
962 538 1190 576 emperatura
1215 527 1254 565 in
1283 527 1343 565 of-

225 599 334 639 ficina
358 599 401 637 sit
429 597 619 647 γἐΡ--ὃοο
644 598 741 636 Fahr
771 597 830 646 1).
971 648 974 651 Ι

277 670 425 708 Haecce
471 668 670 707 methodus
719 679 808 716 prae
860 667 1217 706 Boerhaviana
1270 663 1344 706 sese

225 729 461 779 commendat
488 739 538 776 ob
572 738 889 776 fermentationem
916 748 993 775 non
1017 746 1091 774 tam
1113 739 1191 775 cito
1220 749 1346 787 perac-

224 818 326 857 tam,
355 809 405 846 ob
434 809 585 846 odorem
615 807 796 855 quendam
827 807 1094 854 aromaticum,
1124 819 1235 855 quem
1258 807 1351 846 faci-

223 880 259 918 le
291 878 426 917 retinet
461 875 680 927 hujusmodi
715 884 890 924 aetertum,
937 885 1051 925 atque
1089 877 1138 915 ob
1173 877 1349 918 selectum

224 951 353 989 vinum
390 948 532 987 album.

275 1019 339 1057 Ad
376 1018 482 1057 usum
517 1016 802 1056 oeconomicum
851 1016 993 1065 optime
1026 1015 1193 1066 sequenti
1235 1017 1349 1057 modo

223 1082 433 1138 praeparari
467 1094 597 1136 potest
631 1094 776 1125 acetum
806 1085 901 1125 vini.
1219 1087 1222 1091 “

275 1158 441 1197 Primum
460 1157 619 1196 sumitur
641 1157 755 1196 cadus
782 1156 876 1195 aceti
900 1156 1061 1206 optimae
1083 1157 1246 1206 indolis‘,
1260 1155 1348 1197 huic

222 1214 509 1270 i’ubstrahuntur
549 1213 696 1277 aliquot
732 1226 904 1274 sextarii,
957 1235 1069 1276 atque
1103 1229 1212 1265 locus
1249 1238 1349 1267 nune

222 1296 368 1347 {saeuus
393 1298 515 1337 eadem
540 1296 746 1346 quantitate
769 1296 846 1334 vini
868 1297 1013 1345 limpidi
1043 1296 1233 1346 impletur.
1264 1298 1352 1336 Ori-

223 1366 350 1410 ficium
390 1370 464 1419 J'am
500 1368 634 1407 leviter
670 1367 857 1405 clauditur
895 1366 1034 1405 cortice
1071 1366 1275 1416 suberino‚
1314 1377 1350 1407 et

225 1442 341 1480 cadus
380 1440 419 1478 in
452 1440 539 1477 loco
580 1436 728 1476 m'odice
761 1436 939 1475 calefacto
971 1436 1200 1485 deponitur-3
1250 1438 1352 1477 omni

223 1504 360 1556 deinde
391 1508 516 1547 mense
557 1509 681 1546 eadem
721 1507 910 1556 quantitas
951 1506 1044 1544 aceti
1076 1505 1348 1556 substrahitur‚

222 1582 260 1620 et
290 1580 382 1620 vino
414 1564 691 1628 compensatur.
761 1577 848 1616 Tali
885 1577 998 1615 modo
1035 1576 1219 1625 optimum
1254 1577 1348 1616 aeci-

219 1651 325 1702 pitur
351 1657 496 1689 acetum
531 1658 646 1698 atque
679 1647 718 1686 in
755 1647 856 1686 cadis
886 1648 1031 1685 nullum
1063 1644 1141 1684 fere
1171 1646 1350 1687 sedimen-

221 1713 303 1761 tum
328 1711 449 1758 oritur
465 1748 477 1767 ‚
507 1719 710 1758 dummodo
735 1726 935 1765 caveatur,
964 1728 1011 1755 ne
1031 1717 1160 1762 vinum
1190 1717 1348 1757 affusum

224 1791 268 1832 stt
291 1790 482 1831 turbidum
499 1818 512 1837 ‚
540 1798 653 1838 atque
676 1797 931 1838 temperatura
952 1795 1133 1836 quantum
1156 1787 1236 1826 fieri
1259 1776 1349 1837 pos-'

224 1862 268 1902 fit
293 1861 463 1915 constans
489 1868 632 1898 maneat
659 1859 721 1908 2).

265 2015 297 2050 ι)
319 2015 359 2044 A.
383 2016 421 2043 A.
445 2014 722 2055 Pax-mentier,
744 2017 840 2044 Kunst
857 2016 910 2044 des
933 2014 1257 2044 Brantweinbrennens
1283 2014 1345 2043 und

224 2072 283 2100 der
304 2071 633 2107 Esfig-Fabrication,
654 2073 739 2101 Pest.
766 2076 851 2102 1820.
872 2081 938 2108 pag.
962 2082 1028 2109 144.

229 2134 236 2138 “
263 2116 301 2165 a)
322 2128 369 2157 M.
393 2131 417 2163 J.
446 2130 487 2158 A.
513 2129 538 2157 C
551 2130 689 2164 napta!
703 2130 826 2163 ,Traite
842 2130 879 2157 de
894 2129 1014 2158 Chimie
1033 2129 1196 2165 appiiquee
1211 2134 1357 2164 auxarts,

228 2185 291 2219 Par.
317 2188 389 2222 1807
425 2187 514 2216 Tom.
534 2187 591 2215 111.
615 2195 682 2223 pag.
706 2190 758 2221 158
782 2187 844 2222 seq.

1236 2360 1354 2400 SEC-
