<?xml version="1.0" encoding="UTF-8"?>
<!DOCTYPE html PUBLIC "-//W3C//DTD XHTML 1.0 Transitional//EN"
    "http://www.w3.org/TR/xhtml1/DTD/xhtml1-transitional.dtd">
<html xmlns="http://www.w3.org/1999/xhtml" xml:lang="en" lang="en">
 <head>
  <title>
</title>
<meta http-equiv="Content-Type" content="text/html;charset=utf-8" />
  <meta name='ocr-system' content='tesseract 3.04.00' />
  <meta name='ocr-capabilities' content='ocr_page ocr_carea ocr_par ocr_line ocrx_word'/>
</head>
<body>
  <div class='ocr_page' id='page_1' title='image "annalesacademiae29acad_0370.png"; bbox 0 0 1483 2860; ppageno 0'>
   <div class='ocr_carea' id='block_1_1' title="bbox 222 207 1124 255">
    <p class='ocr_par' dir='ltr' id='par_1_1' title="bbox 222 207 1124 255">
     <span class='ocr_line' id='line_1_1' title="bbox 222 207 1124 255; baseline 0.008 -9"><span class='ocrx_word' id='word_1_1' title='bbox 222 207 276 255; x_wconf 73' lang='lat'>36</span> <span class='ocrx_word' id='word_1_2' title='bbox 457 208 1124 253; x_wconf 82' lang='lat' dir='ltr'>COMMENTAT10</span> 
     </span>
    </p>
   </div>
   <div class='ocr_carea' id='block_1_2' title="bbox 228 316 1358 1137">
    <p class='ocr_par' dir='ltr' id='par_1_2' title="bbox 228 316 1358 1137">
     <span class='ocr_line' id='line_1_2' title="bbox 229 316 1348 368; baseline 0.006 -15"><span class='ocrx_word' id='word_1_3' title='bbox 229 327 313 354; x_wconf 90' lang='lat' dir='ltr'>cum</span> <span class='ocrx_word' id='word_1_4' title='bbox 333 316 645 365; x_wconf 70' lang='lat' dir='ltr'>dispositionibus</span> <span class='ocrx_word' id='word_1_5' title='bbox 674 321 994 368; x_wconf 85' lang='lat' dir='ltr'>exceptionalibus</span> <span class='ocrx_word' id='word_1_6' title='bbox 1013 323 1085 360; x_wconf 88' lang='lat' dir='ltr'>vim</span> <span class='ocrx_word' id='word_1_7' title='bbox 1112 317 1348 361; x_wconf 59' lang='lat' dir='ltr'>dederit&#39;dis-</span> 
     </span>
     <span class='ocr_line' id='line_1_3' title="bbox 230 385 1346 442; baseline 0.008 -20"><span class='ocrx_word' id='word_1_8' title='bbox 230 385 457 433; x_wconf 77' lang='lat' dir='ltr'>positionum</span> <span class='ocrx_word' id='word_1_9' title='bbox 487 388 735 436; x_wconf 77' lang='lat' dir='ltr'>generalium,</span> <span class='ocrx_word' id='word_1_10' title='bbox 764 391 970 430; x_wconf 85' lang='lat' dir='ltr'>doctrinam</span> <span class='ocrx_word' id='word_1_11' title='bbox 992 392 1222 439; x_wconf 84' lang='lat' dir='ltr'>introduxit,</span> <span class='ocrx_word' id='word_1_12' title='bbox 1251 405 1346 442; x_wconf 88' lang='lat' dir='ltr'>quae</span> 
     </span>
     <span class='ocr_line' id='line_1_4' title="bbox 228 455 1349 504; baseline 0.008 -13"><span class='ocrx_word' id='word_1_13' title='bbox 228 455 323 504; x_wconf 87' lang='lat' dir='ltr'>juris</span> <span class='ocrx_word' id='word_1_14' title='bbox 349 456 510 493; x_wconf 83' lang='lat' dir='ltr'>Romani</span> <span class='ocrx_word' id='word_1_15' title='bbox 544 458 764 496; x_wconf 86' lang='lat' dir='ltr'>auctoritate</span> <span class='ocrx_word' id='word_1_16' title='bbox 799 462 899 498; x_wconf 85' lang='lat' dir='ltr'>haud</span> <span class='ocrx_word' id='word_1_17' title='bbox 930 463 1185 500; x_wconf 83' lang='lat' dir='ltr'>confirmatur.</span> <span class='ocrx_word' id='word_1_18' title='bbox 1241 464 1349 502; x_wconf 88' lang='lat' dir='ltr'>Con-</span> 
     </span>
     <span class='ocr_line' id='line_1_5' title="bbox 231 524 1349 580; baseline 0.009 -19"><span class='ocrx_word' id='word_1_19' title='bbox 231 524 348 562; x_wconf 85' lang='lat' dir='ltr'>cludit</span> <span class='ocrx_word' id='word_1_20' title='bbox 370 526 484 572; x_wconf 82' lang='lat' dir='ltr'>igitur</span> <span class='ocrx_word' id='word_1_21' title='bbox 511 526 653 564; x_wconf 86' lang='lat' dir='ltr'>causam</span> <span class='ocrx_word' id='word_1_22' title='bbox 689 527 873 568; x_wconf 87' lang='lat' dir='ltr'>immerito</span> <span class='ocrx_word' id='word_1_23' title='bbox 911 532 993 580; x_wconf 86' lang='lat' dir='ltr'>jure</span> <span class='ocrx_word' id='word_1_24' title='bbox 1020 531 1183 570; x_wconf 87' lang='lat' dir='ltr'>francico</span> <span class='ocrx_word' id='word_1_25' title='bbox 1221 533 1349 571; x_wconf 84' lang='lat' dir='ltr'>referri</span> 
     </span>
     <span class='ocr_line' id='line_1_6' title="bbox 228 591 1348 639; baseline 0.009 -10"><span class='ocrx_word' id='word_1_26' title='bbox 228 591 325 630; x_wconf 89' lang='lat' dir='ltr'>inter</span> <span class='ocrx_word' id='word_1_27' title='bbox 346 594 552 632; x_wconf 83' lang='lat' dir='ltr'>essentiales</span> <span class='ocrx_word' id='word_1_28' title='bbox 577 597 869 636; x_wconf 86' lang='lat' dir='ltr'>conventionum</span> <span class='ocrx_word' id='word_1_29' title='bbox 891 600 1142 639; x_wconf 47' lang='lat' dir='ltr'>conditiones‘</span> <span class='ocrx_word' id='word_1_30' title='bbox 1180 601 1348 639; x_wconf 81' lang='lat' dir='ltr'>Tandem</span> 
     </span>
     <span class='ocr_line' id='line_1_7' title="bbox 228 663 1351 718; baseline 0.007 -18"><span class='ocrx_word' id='word_1_31' title='bbox 228 663 421 702; x_wconf 83' lang='lat' dir='ltr'>confessus</span> <span class='ocrx_word' id='word_1_32' title='bbox 445 674 500 703; x_wconf 88' lang='lat' dir='ltr'>est</span> <span class='ocrx_word' id='word_1_33' title='bbox 513 666 561 702; x_wconf 88' lang='lat' dir='ltr'>cl.</span> <span class='ocrx_word' id='word_1_34' title='bbox 578 667 718 713; x_wconf 82' lang='lat' dir='ltr'>Ernst,</span> <span class='ocrx_word' id='word_1_35' title='bbox 736 666 769 704; x_wconf 85' lang='lat' dir='ltr'>se</span> <span class='ocrx_word' id='word_1_36' title='bbox 792 668 980 706; x_wconf 82' lang='lat' dir='ltr'>admittere</span> <span class='ocrx_word' id='word_1_37' title='bbox 993 669 1133 708; x_wconf 78' lang='lat' dir='ltr'>causam</span> <span class='ocrx_word' id='word_1_38' title='bbox 1153 671 1351 718; x_wconf 61' lang='lat' dir='ltr'>obligatio⁴</span> 
     </span>
     <span class='ocr_line' id='line_1_8' title="bbox 229 733 1352 787; baseline 0.007 -17"><span class='ocrx_word' id='word_1_39' title='bbox 229 733 312 779; x_wconf 86' lang='lat' dir='ltr'>nis,</span> <span class='ocrx_word' id='word_1_40' title='bbox 329 734 438 783; x_wconf 88' lang='lat' dir='ltr'>longe</span> <span class='ocrx_word' id='word_1_41' title='bbox 451 747 540 773; x_wconf 88' lang='lat' dir='ltr'>vero</span> <span class='ocrx_word' id='word_1_42' title='bbox 565 736 635 774; x_wconf 87' lang='lat' dir='ltr'>alia</span> <span class='ocrx_word' id='word_1_43' title='bbox 658 736 924 784; x_wconf 83' lang='lat' dir='ltr'>fignificatione</span> <span class='ocrx_word' id='word_1_44' title='bbox 952 751 1060 787; x_wconf 86' lang='lat' dir='ltr'>quam</span> <span class='ocrx_word' id='word_1_45' title='bbox 1081 742 1112 777; x_wconf 89' lang='lat' dir='ltr'>ei</span> <span class='ocrx_word' id='word_1_46' title='bbox 1139 740 1271 777; x_wconf 83' lang='lat' dir='ltr'>tribuit</span> <span class='ocrx_word' id='word_1_47' title='bbox 1283 742 1352 778; x_wconf 85' lang='lat' dir='ltr'>Po-</span> 
     </span>
     <span class='ocr_line' id='line_1_9' title="bbox 232 803 1351 857; baseline 0.006 -17"><span class='ocrx_word' id='word_1_48' title='bbox 232 803 409 844; x_wconf 85' lang='lat' dir='ltr'>thierius:</span> <span class='ocrx_word' id='word_1_49' title='bbox 425 818 490 853; x_wconf 85' lang='lat' dir='ltr'>per</span> <span class='ocrx_word' id='word_1_50' title='bbox 501 817 577 844; x_wconf 86' lang='lat' dir='ltr'>eam</span> <span class='ocrx_word' id='word_1_51' title='bbox 593 818 725 855; x_wconf 81' lang='lat' dir='ltr'>nempe</span> <span class='ocrx_word' id='word_1_52' title='bbox 737 808 909 856; x_wconf 88' lang='lat' dir='ltr'>intelligit</span> <span class='ocrx_word' id='word_1_53' title='bbox 923 809 1063 846; x_wconf 87' lang='lat' dir='ltr'>fontem</span> <span class='ocrx_word' id='word_1_54' title='bbox 1079 810 1351 857; x_wconf 78' lang='lat' dir='ltr'>obligationum</span> 
     </span>
     <span class='ocr_line' id='line_1_10' title="bbox 232 875 1355 926; baseline 0.005 -15"><span class='ocrx_word' id='word_1_55' title='bbox 232 875 384 922; x_wconf 85' lang='lat' dir='ltr'>legalem</span> <span class='ocrx_word' id='word_1_56' title='bbox 400 903 413 920; x_wconf 84' lang='lat'><em>‚</em></span> <span class='ocrx_word' id='word_1_57' title='bbox 441 883 477 912; x_wconf 90' lang='lat' dir='ltr'>et</span> <span class='ocrx_word' id='word_1_58' title='bbox 502 886 651 914; x_wconf 82' lang='lat' dir='ltr'>eatenus</span> <span class='ocrx_word' id='word_1_59' title='bbox 671 877 900 914; x_wconf 72' lang='lat' dir='ltr'>verissimum</span> <span class='ocrx_word' id='word_1_60' title='bbox 915 887 970 915; x_wconf 87' lang='lat' dir='ltr'>est</span> <span class='ocrx_word' id='word_1_61' title='bbox 986 878 1251 926; x_wconf 83' lang='lat' dir='ltr'>obligationem</span> <span class='ocrx_word' id='word_1_62' title='bbox 1280 881 1355 917; x_wconf 80' lang='lat' dir='ltr'>sine</span> 
     </span>
     <span class='ocr_line' id='line_1_11' title="bbox 230 943 1355 993; baseline 0.006 -13"><span class='ocrx_word' id='word_1_63' title='bbox 230 943 336 981; x_wconf 89' lang='lat' dir='ltr'>causa</span> <span class='ocrx_word' id='word_1_64' title='bbox 369 944 530 991; x_wconf 80' lang='lat' dir='ltr'>cogitari</span> <span class='ocrx_word' id='word_1_65' title='bbox 558 956 635 982; x_wconf 92' lang='lat' dir='ltr'>non</span> <span class='ocrx_word' id='word_1_66' title='bbox 663 945 796 993; x_wconf 84' lang='lat' dir='ltr'>posse:</span> <span class='ocrx_word' id='word_1_67' title='bbox 827 948 899 984; x_wconf 85' lang='lat' dir='ltr'>hoc</span> <span class='ocrx_word' id='word_1_68' title='bbox 929 949 1026 985; x_wconf 87' lang='lat' dir='ltr'>enim</span> <span class='ocrx_word' id='word_1_69' title='bbox 1062 947 1165 986; x_wconf 87' lang='lat' dir='ltr'>sensu</span> <span class='ocrx_word' id='word_1_70' title='bbox 1191 960 1355 987; x_wconf 88' lang='lat' dir='ltr'>conven-</span> 
     </span>
     <span class='ocr_line' id='line_1_12' title="bbox 229 1013 1356 1067; baseline 0.005 -17"><span class='ocrx_word' id='word_1_71' title='bbox 229 1014 353 1051; x_wconf 89' lang='lat' dir='ltr'>tiones</span> <span class='ocrx_word' id='word_1_72' title='bbox 385 1013 480 1062; x_wconf 76' lang='lat' dir='ltr'>ipsae</span> <span class='ocrx_word' id='word_1_73' title='bbox 516 1014 642 1052; x_wconf 84' lang='lat' dir='ltr'>causae</span> <span class='ocrx_word' id='word_1_74' title='bbox 680 1015 788 1064; x_wconf 81' lang='lat' dir='ltr'>sunt3</span> <span class='ocrx_word' id='word_1_75' title='bbox 845 1029 982 1065; x_wconf 86' lang='lat' dir='ltr'>eaeque</span> <span class='ocrx_word' id='word_1_76' title='bbox 1020 1018 1266 1067; x_wconf 85' lang='lat' dir='ltr'>obligationes</span> <span class='ocrx_word' id='word_1_77' title='bbox 1300 1018 1356 1056; x_wconf 90' lang='lat' dir='ltr'>di-</span> 
     </span>
     <span class='ocr_line' id='line_1_13' title="bbox 231 1085 1358 1137; baseline 0.004 -16"><span class='ocrx_word' id='word_1_78' title='bbox 231 1093 369 1122; x_wconf 87' lang='lat' dir='ltr'>cuntur</span> <span class='ocrx_word' id='word_1_79' title='bbox 407 1085 713 1123; x_wconf 87' lang='lat' dir='ltr'>conventionales</span> <span class='ocrx_word' id='word_1_80' title='bbox 740 1096 780 1124; x_wconf 89' lang='lat' dir='ltr'>ut</span> <span class='ocrx_word' id='word_1_81' title='bbox 808 1089 858 1125; x_wconf 85' lang='lat' dir='ltr'>ita</span> <span class='ocrx_word' id='word_1_82' title='bbox 885 1088 930 1125; x_wconf 86' lang='lat' dir='ltr'>ab</span> <span class='ocrx_word' id='word_1_83' title='bbox 965 1088 1259 1137; x_wconf 84' lang='lat' dir='ltr'>obligationibus</span> <span class='ocrx_word' id='word_1_84' title='bbox 1280 1089 1358 1126; x_wconf 86' lang='lat' dir='ltr'>dis-</span> 
     </span>
    </p>
   </div>
   <div class='ocr_carea' id='block_1_3' title="bbox 232 1154 1355 1272">
    <p class='ocr_par' dir='ltr' id='par_1_3' title="bbox 232 1154 1355 1272">
     <span class='ocr_line' id='line_1_14' title="bbox 232 1154 1355 1205; baseline 0.004 -14"><span class='ocrx_word' id='word_1_85' title='bbox 232 1154 476 1202; x_wconf 80' lang='lat' dir='ltr'>tinguantur,</span> <span class='ocrx_word' id='word_1_86' title='bbox 506 1166 601 1202; x_wconf 89' lang='lat' dir='ltr'>quae</span> <span class='ocrx_word' id='word_1_87' title='bbox 633 1155 706 1193; x_wconf 87' lang='lat' dir='ltr'>five</span> <span class='ocrx_word' id='word_1_88' title='bbox 737 1168 782 1194; x_wconf 85' lang='lat' dir='ltr'>ex</span> <span class='ocrx_word' id='word_1_89' title='bbox 818 1159 899 1205; x_wconf 87' lang='lat' dir='ltr'>lege</span> <span class='ocrx_word' id='word_1_90' title='bbox 937 1157 1041 1205; x_wconf 84' lang='lat' dir='ltr'>ipsa,</span> <span class='ocrx_word' id='word_1_91' title='bbox 1067 1158 1140 1196; x_wconf 85' lang='lat' dir='ltr'>five</span> <span class='ocrx_word' id='word_1_92' title='bbox 1165 1170 1209 1196; x_wconf 81' lang='lat' dir='ltr'>ex</span> <span class='ocrx_word' id='word_1_93' title='bbox 1243 1158 1355 1197; x_wconf 85' lang='lat' dir='ltr'>delic-</span> 
     </span>
     <span class='ocr_line' id='line_1_15' title="bbox 237 1223 1026 1272; baseline 0.005 -11"><span class='ocrx_word' id='word_1_94' title='bbox 237 1223 306 1270; x_wconf 81' lang='lat' dir='ltr'>tis,</span> <span class='ocrx_word' id='word_1_95' title='bbox 347 1223 421 1262; x_wconf 84' lang='lat' dir='ltr'>five</span> <span class='ocrx_word' id='word_1_96' title='bbox 449 1236 493 1262; x_wconf 74' lang='lat' dir='ltr'>ex</span> <span class='ocrx_word' id='word_1_97' title='bbox 522 1225 807 1272; x_wconf 74' lang='lat' dir='ltr'>quali-delictis</span> <span class='ocrx_word' id='word_1_98' title='bbox 838 1228 1026 1266; x_wconf 76' lang='lat' dir='ltr'>oriuntur.</span> 
     </span>
    </p>
   </div>
   <div class='ocr_carea' id='block_1_4' title="bbox 729 1394 860 1440">
    <p class='ocr_par' dir='ltr' id='par_1_4' title="bbox 729 1394 860 1440">
     <span class='ocr_line' id='line_1_16' title="bbox 729 1394 860 1440; baseline 0.008 -11"><span class='ocrx_word' id='word_1_99' title='bbox 729 1394 766 1440; x_wconf 79' lang='lat'>§-</span> <span class='ocrx_word' id='word_1_100' title='bbox 822 1405 860 1430; x_wconf 58' lang='grc' dir='ltr'>α.</span> 
     </span>
    </p>
   </div>
   <div class='ocr_carea' id='block_1_5' title="bbox 239 1538 1312 1738">
    <p class='ocr_par' dir='ltr' id='par_1_5' title="bbox 239 1538 1312 1738">
     <span class='ocr_line' id='line_1_17' title="bbox 239 1538 1312 1602; baseline 0.014 -28"><span class='ocrx_word' id='word_1_101' title='bbox 239 1591 241 1595; x_wconf 10' lang='grc' dir='ltr'>ἢ</span> <span class='ocrx_word' id='word_1_102' title='bbox 289 1538 350 1576; x_wconf 77' lang='lat' dir='ltr'>Dc</span> <span class='ocrx_word' id='word_1_103' title='bbox 385 1541 457 1585; x_wconf 71' lang='lat' dir='ltr'>iis,</span> <span class='ocrx_word' id='word_1_104' title='bbox 485 1553 581 1590; x_wconf 74' lang='lat' dir='ltr'>quae</span> <span class='ocrx_word' id='word_1_105' title='bbox 603 1542 698 1590; x_wconf 69' lang='lat' dir='ltr'>jure</span> <span class='ocrx_word' id='word_1_106' title='bbox 722 1544 888 1582; x_wconf 78' lang='lat' dir='ltr'>Romano</span> <span class='ocrx_word' id='word_1_107' title='bbox 915 1555 950 1584; x_wconf 79' lang='lat' dir='ltr'>et</span> <span class='ocrx_word' id='word_1_108' title='bbox 977 1548 1164 1587; x_wconf 78' lang='lat' dir='ltr'>Hodierno</span> <span class='ocrx_word' id='word_1_109' title='bbox 1189 1554 1312 1602; x_wconf 74' lang='lat' dir='ltr'>requi-</span> 
     </span>
     <span class='ocr_line' id='line_1_18' title="bbox 342 1615 1256 1668; baseline 0.015 -24"><span class='ocrx_word' id='word_1_110' title='bbox 342 1618 485 1646; x_wconf 69' lang='lat' dir='ltr'>runtur</span> <span class='ocrx_word' id='word_1_111' title='bbox 497 1638 509 1655; x_wconf 79' lang='lat'>‚</span> <span class='ocrx_word' id='word_1_112' title='bbox 528 1621 569 1648; x_wconf 72' lang='lat' dir='ltr'>ut</span> <span class='ocrx_word' id='word_1_113' title='bbox 582 1615 832 1652; x_wconf 71' lang='lat' dir='ltr'>conventiones</span> <span class='ocrx_word' id='word_1_114' title='bbox 850 1616 1064 1666; x_wconf 72' lang='lat' dir='ltr'>producant</span> <span class='ocrx_word' id='word_1_115' title='bbox 1073 1623 1234 1657; x_wconf 67' lang='lat' dir='ltr'>actiones</span> <span class='ocrx_word' id='word_1_116' title='bbox 1243 1649 1256 1668; x_wconf 93' lang='lat'>‚</span> 
     </span>
     <span class='ocr_line' id='line_1_19' title="bbox 402 1679 1200 1738; baseline 0.015 -22"><span class='ocrx_word' id='word_1_117' title='bbox 402 1688 436 1716; x_wconf 81' lang='lat' dir='ltr'>et</span> <span class='ocrx_word' id='word_1_118' title='bbox 465 1679 509 1717; x_wconf 78' lang='lat' dir='ltr'>de</span> <span class='ocrx_word' id='word_1_119' title='bbox 543 1685 663 1719; x_wconf 56' lang='lat' dir='ltr'>variis</span> <span class='ocrx_word' id='word_1_120' title='bbox 695 1687 973 1723; x_wconf 74' lang='lat' dir='ltr'>conventionum</span> <span class='ocrx_word' id='word_1_121' title='bbox 999 1687 1200 1738; x_wconf 79' lang='lat' dir='ltr'>speciebus.</span> 
     </span>
    </p>
   </div>
   <div class='ocr_carea' id='block_1_6' title="bbox 241 1834 1367 2386">
    <p class='ocr_par' dir='ltr' id='par_1_6' title="bbox 244 1834 1364 1943">
     <span class='ocr_line' id='line_1_20' title="bbox 292 1834 1364 1894; baseline 0.011 -24"><span class='ocrx_word' id='word_1_122' title='bbox 292 1834 414 1871; x_wconf 86' lang='lat' dir='ltr'>Primo</span> <span class='ocrx_word' id='word_1_123' title='bbox 449 1835 566 1874; x_wconf 83' lang='lat' dir='ltr'>dicam</span> <span class='ocrx_word' id='word_1_124' title='bbox 603 1837 648 1874; x_wconf 78' lang='lat' dir='ltr'>tle</span> <span class='ocrx_word' id='word_1_125' title='bbox 682 1838 764 1886; x_wconf 83' lang='lat' dir='ltr'>jure</span> <span class='ocrx_word' id='word_1_126' title='bbox 798 1838 913 1877; x_wconf 89' lang='lat' dir='ltr'>Rom.</span> <span class='ocrx_word' id='word_1_127' title='bbox 949 1849 986 1877; x_wconf 91' lang='lat' dir='ltr'>et</span> <span class='ocrx_word' id='word_1_128' title='bbox 1015 1840 1175 1879; x_wconf 82' lang='lat' dir='ltr'>secundo</span> <span class='ocrx_word' id='word_1_129' title='bbox 1209 1843 1254 1881; x_wconf 92' lang='lat' dir='ltr'>de</span> <span class='ocrx_word' id='word_1_130' title='bbox 1281 1845 1364 1894; x_wconf 76' lang='lat' dir='ltr'>Jure</span> 
     </span>
     <span class='ocr_line' id='line_1_21' title="bbox 244 1903 1262 1943; baseline 0.008 -1"><span class='ocrx_word' id='word_1_131' title='bbox 244 1903 457 1943; x_wconf 70' lang='lat' dir='ltr'>Hodierno,</span> <span class='ocrx_word' id='word_1_132' title='bbox 1260 1912 1262 1914; x_wconf 67' lang='grc'>’</span> 
     </span>
    </p>

    <p class='ocr_par' dir='ltr' id='par_1_7' title="bbox 241 1974 1367 2309">
     <span class='ocr_line' id='line_1_22' title="bbox 295 1974 1363 2031; baseline 0.009 -19"><span class='ocrx_word' id='word_1_133' title='bbox 295 1974 345 2012; x_wconf 83' lang='lat'>10.</span> <span class='ocrx_word' id='word_1_134' title='bbox 385 1974 495 2012; x_wconf 81' lang='lat' dir='ltr'>Varia</span> <span class='ocrx_word' id='word_1_135' title='bbox 528 1975 669 2012; x_wconf 70' lang='lat' dir='ltr'>ratione</span> <span class='ocrx_word' id='word_1_136' title='bbox 705 1986 827 2024; x_wconf 81' lang='lat' dir='ltr'>partes</span> <span class='ocrx_word' id='word_1_137' title='bbox 862 1977 957 2016; x_wconf 85' lang='lat' dir='ltr'>inter</span> <span class='ocrx_word' id='word_1_138' title='bbox 988 1978 1022 2017; x_wconf 85' lang='lat' dir='ltr'>se</span> <span class='ocrx_word' id='word_1_139' title='bbox 1056 1980 1100 2018; x_wconf 88' lang='lat' dir='ltr'>de</span> <span class='ocrx_word' id='word_1_140' title='bbox 1133 1993 1172 2019; x_wconf 89' lang='lat' dir='ltr'>re</span> <span class='ocrx_word' id='word_1_141' title='bbox 1207 1983 1363 2031; x_wconf 83' lang='lat' dir='ltr'>quadam</span> 
     </span>
     <span class='ocr_line' id='line_1_23' title="bbox 242 2045 1366 2098; baseline 0.008 -16"><span class='ocrx_word' id='word_1_142' title='bbox 242 2045 391 2096; x_wconf 79' lang='lat' dir='ltr'>danda,</span> <span class='ocrx_word' id='word_1_143' title='bbox 432 2046 490 2081; x_wconf 90' lang='lat' dir='ltr'>vel</span> <span class='ocrx_word' id='word_1_144' title='bbox 524 2046 570 2083; x_wconf 82' lang='lat' dir='ltr'>de</span> <span class='ocrx_word' id='word_1_145' title='bbox 602 2046 700 2083; x_wconf 78' lang='lat' dir='ltr'>facto</span> <span class='ocrx_word' id='word_1_146' title='bbox 741 2048 901 2094; x_wconf 85' lang='lat' dir='ltr'>quodam</span> <span class='ocrx_word' id='word_1_147' title='bbox 939 2052 1185 2098; x_wconf 81' lang='lat' dir='ltr'>praestando,</span> <span class='ocrx_word' id='word_1_148' title='bbox 1227 2064 1366 2092; x_wconf 87' lang='lat' dir='ltr'>conve-</span> 
     </span>
     <span class='ocr_line' id='line_1_24' title="bbox 245 2114 1364 2162; baseline 0.01 -11"><span class='ocrx_word' id='word_1_149' title='bbox 245 2114 326 2151; x_wconf 88' lang='lat' dir='ltr'>nire</span> <span class='ocrx_word' id='word_1_150' title='bbox 361 2114 538 2161; x_wconf 79' lang='lat' dir='ltr'>possunt:</span> <span class='ocrx_word' id='word_1_151' title='bbox 578 2127 703 2152; x_wconf 86' lang='lat' dir='ltr'>verum</span> <span class='ocrx_word' id='word_1_152' title='bbox 737 2117 898 2155; x_wconf 86' lang='lat' dir='ltr'>Romani</span> <span class='ocrx_word' id='word_1_153' title='bbox 935 2120 1138 2158; x_wconf 83' lang='lat' dir='ltr'>noluerunt</span> <span class='ocrx_word' id='word_1_154' title='bbox 1167 2131 1208 2159; x_wconf 89' lang='lat' dir='ltr'>ut</span> <span class='ocrx_word' id='word_1_155' title='bbox 1235 2134 1364 2162; x_wconf 87' lang='lat' dir='ltr'>omnes</span> 
     </span>
     <span class='ocr_line' id='line_1_25' title="bbox 241 2184 1367 2237; baseline 0.01 -17"><span class='ocrx_word' id='word_1_156' title='bbox 241 2184 301 2235; x_wconf 27' lang='lat' dir='ltr'>Uilli</span> <span class='ocrx_word' id='word_1_157' title='bbox 335 2184 434 2221; x_wconf 85' lang='lat' dir='ltr'>modi</span> <span class='ocrx_word' id='word_1_158' title='bbox 469 2186 610 2232; x_wconf 72' lang='lat' dir='ltr'>plenam</span> <span class='ocrx_word' id='word_1_159' title='bbox 652 2186 723 2222; x_wconf 78' lang='lat' dir='ltr'>viui</span> <span class='ocrx_word' id='word_1_160' title='bbox 759 2186 947 2236; x_wconf 75' lang='lat' dir='ltr'>obligandi</span> <span class='ocrx_word' id='word_1_161' title='bbox 987 2188 1192 2237; x_wconf 80' lang='lat' dir='ltr'>haberent,</span> <span class='ocrx_word' id='word_1_162' title='bbox 1220 2190 1281 2230; x_wconf 89' lang='lat' dir='ltr'>sed</span> <span class='ocrx_word' id='word_1_163' title='bbox 1310 2204 1367 2230; x_wconf 85' lang='lat' dir='ltr'>re-</span> 
     </span>
     <span class='ocr_line' id='line_1_26' title="bbox 247 2251 1366 2309; baseline 0.011 -20"><span class='ocrx_word' id='word_1_164' title='bbox 247 2251 475 2300; x_wconf 79' lang='lat' dir='ltr'>quisiverunt</span> <span class='ocrx_word' id='word_1_165' title='bbox 508 2253 649 2292; x_wconf 84' lang='lat' dir='ltr'>causam</span> <span class='ocrx_word' id='word_1_166' title='bbox 681 2255 827 2309; x_wconf 83' lang='lat' dir='ltr'>civilem</span> <span class='ocrx_word' id='word_1_167' title='bbox 870 2256 1084 2307; x_wconf 83' lang='lat' dir='ltr'>obligandi,</span> <span class='ocrx_word' id='word_1_168' title='bbox 1131 2272 1239 2308; x_wconf 88' lang='lat' dir='ltr'>quam</span> <span class='ocrx_word' id='word_1_169' title='bbox 1276 2260 1366 2303; x_wconf 77' lang='lat' dir='ltr'>defi.-</span> 
     </span>
    </p>

    <p class='ocr_par' dir='ltr' id='par_1_8' title="bbox 1224 2329 1363 2386">
     <span class='ocr_line' id='line_1_27' title="bbox 1224 2329 1363 2386; baseline 0.022 -19"><span class='ocrx_word' id='word_1_170' title='bbox 1224 2329 1363 2386; x_wconf 73' lang='lat' dir='ltr'>niune,</span> 
     </span>
    </p>
   </div>
  </div>
 </body>
</html>
