1483 2860
238 186 288 222 24
462 171 1125 214 COMMENTATIO

244 284 418 332 nullum,
446 283 532 332 quia
558 284 656 322 bona
678 283 794 330 fides,
822 283 958 323 horum
984 290 1249 322 contractuum
1277 281 1364 321 fun-

247 355 484 402 damentum,
512 355 600 392 dolo
623 362 678 391 est
704 354 890 402 oppofita.
943 353 1017 391 Sed
1042 352 1131 400 quid
1167 351 1194 390 fi
1226 352 1263 390 in
1299 363 1364 391 ne-

247 425 361 474 gotiis
389 424 429 462 b.
466 424 497 463 f.
524 424 634 462 dolus
671 433 728 461 est
762 424 929 462 incidens
947 424 966 460 ‘3
1005 423 1105 462 Tum
1132 422 1240 462 multi
1270 422 1367 460 exis-

247 495 379 532 timant
414 495 480 546 (ι)
519 494 608 531 haec
641 493 788 541 negotia
817 494 966 542 purgari
1003 493 1134 532 debere
1164 493 1224 531 vel
1249 492 1365 531 actio-

249 575 296 603 ne
332 576 377 602 ex
409 562 489 612 ipso
519 572 714 601 contractu
745 564 987 602 descendente
1023 564 1083 601 vel
1119 561 1198 601 doli
1233 572 1368 611 excep-

248 634 367 673 tione.
443 634 517 672 Sed
560 634 605 671 ab
643 633 778 671 horum
816 632 996 681 opInione
1043 631 1191 670 recessit
1231 631 1366 670 Nood·

251 704 327 743 tius
351 705 444 755 (2),
473 703 536 752 qui
557 712 687 753 putat,
722 703 840 741 bonae
868 703 955 741 fidei
980 709 1211 740 contractum
1237 701 1366 739 eodem

251 771 366 813 mod'o
398 775 447 813 ob
480 775 608 813 dolum
636 773 859 812 incidentem
879 782 991 821 atque
1025 772 1075 810 ob
1115 772 1243 810 dolum
1277 782 1366 809 cau·

246 844 323 883 sam
360 845 505 884 dantem
555 844 632 883 esse
672 845 834 882 nullum.
909 843 1014 892 Quae
1055 842 1232 880 sententia
1273 840 1366 879 mihi

247 926 408 964 ‚quoque
442 915 558 964 magis
596 915 746 963 placet,
773 925 857 952 nam
890 921 1104 951 contractus
1142 913 1182 950 b.
1211 911 1241 950 f.
1282 909 1368 949 sub-

252 984 419 1023 stantiam
458 984 569 1024 habet
605 996 625 1023 a
654 984 753 1022 bona
782 983 854 1022 fide
872 1011 885 1031 ‚
915 995 1009 1032 quae
1039 984 1131 1021 dolo
1165 982 1274 1031 plane
1310 989 1367 1020 est

246 1055 445 1094 contraria.

303 1125 420 1176 Quod
454 1125 500 1163 ad
521 1126 583 1175 J’us
610 1125 830 1164 hodiernum
865 1126 1021 1173 attinet,
1050 1123 1157 1172 sunt,
1186 1123 1251 1172 qui
1274 1123 1368 1162 illud

253 1194 451 1233 discrimen
482 1195 580 1232 inter
615 1195 742 1234 dolum
786 1194 928 1233 causam
955 1196 1098 1233 dantem
1132 1203 1168 1232 et
1207 1193 1371 1232 inciden-

254 1274 328 1303 tem
364 1265 633 1304 admittendum
674 1264 748 1303 esse
782 1265 1020 1313 existiment;
1064 1264 1126 1302 alii
1160 1275 1248 1302 vero
1276 1264 1369 1302 illud

253 1343 402 1383 negant.
465 1336 565 1374 Cum
603 1347 692 1373 vero
731 1343 769 1373 et
805 1336 916 1373 verba
941 1344 976 1372 et
1010 1345 1112 1372 mens
1145 1333 1370 1384 legissatoris

253 1405 342 1444 huic
368 1404 538 1454 opinioni
563 1404 705 1443 obstare
732 1405 902 1443 videntur
919 1433 931 1452 ‚
959 1413 1085 1443 notam
1098 1404 1193 1443 hanc
1214 1404 1369 1443 distinc-

251 1474 391 1513 tionem
409 1477 492 1525 J'ure
514 1484 646 1513 nostro
667 1475 827 1524 ignorari
845 1475 1121 1514 contendimus.
1176 1475 1252 1525 Qui
1271 1476 1369 1514 enim

250 1544 474 1583 contrariam
513 1553 664 1583 tuentur
705 1544 917 1583 sententiam
955 1546 1050 1594 (3),
1090 1545 1249 1584 afferunt
1292 1543 1371 1583 fere

253 1622 324 1654 art.
368 1616 495 1662 1116,
537 1627 581 1653 ex
609 1627 684 1662 quo
724 1615 855 1654 dieunt
884 1627 1060 1664 apparere
1083 1617 1132 1654 ob
1159 1616 1285 1654 dolum
1312 1627 1372 1654 re·

251 1683 366 1727 scindi
392 1685 712 1733 conventionem,
761 1685 788 1724 fi
819 1687 852 1724 ei
886 1687 1028 1724 causam
1054 1686 1208 1725 dederit.
1272 1686 1372 1726 Illud

251 1764 343 1798 vero
376 1754 415 1792 in
449 1764 518 1793 art.
546 1755 611 1793 eit.
651 1767 730 1794 non
756 1756 920 1802 dicitur,
949 1757 1009 1795 sed
1047 1756 1232 1805 legimus,
1259 1769 1374 1806 appa-

252 1834 332 1861 rere
366 1824 525 1872 debere,
565 1827 720 1863 alterum
758 1825 831 1864 fine
867 1827 932 1864 illo
968 1827 1058 1865 dolo
1091 1836 1370 1866 contracturum

254 1903 334 1931 non
356 1891 495 1943 fuisse3
524 1896 627 1942 quod
656 1896 768 1944 longe
792 1896 892 1936 aliud
921 1897 1012 1945 quid
1052 1905 1134 1946 est,
1164 1908 1247 1936 nam
1280 1897 1371 1936 licet

1284 1967 1372 2017 quis

265 2086 268 2088 ’
288 2081 345 2121 (ι)
363 2082 436 2113 Vid.
458 2082 510 2118 qui
528 2090 544 2112 a
568 2083 768 2120 Gliickio‚
798 2083 959 2122 citantur,
987 2087 1010 2115 l.
1030 2069 1052 2117 i.
1079 2085 1168 2122 Tom,
1199 2085 1252 2115 lv.
1279 2091 1314 2120 1».
1336 2093 1367 2116 ι.

254 2140 272 2178 s
299 2146 365 2175 ³¹³·
381 2147 449 2175 pag·
469 2147 538 2175 293·
807 2132 809 2138 ’

292 2196 347 2232 (ο)
365 2196 411 2224 De
434 2195 543 2225 formis
558 2197 729 2226 ementandi
750 2197 832 2233 doli,
852 2206 894 2228 m.
919 2206 946 2227 c.
968 2203 996 2229 8.

287 2253 343 2291 (3)
364 2251 435 2283 vid.
455 2243 692 2290 Durniton,
711 2255 732 2283 1.
751 2255 772 2283 l.
794 2260 838 2284 η’).
854 2265 891 2292 92
913 2254 975 2291 sqq.
