1483 2860
264 259 347 292 ³100
485 246 1147 289 COMMENTATIO

271 366 307 396 et
338 369 407 406 pro
438 358 574 406 patriae
603 357 716 395 salute
742 356 907 395 omnium
932 356 1115 395 bonorum
1143 355 1289 394 suorum
1312 367 1378 405 pe·

269 426 427 466 ticulum
451 425 580 465 fecisse
601 425 686 474 (ι).

319 496 425 545 Quae
459 507 572 542 quum
604 494 654 534 ita
690 495 786 542 sint,
814 493 1071 534 Gulielmi
1111 493 1226 542 proba
1255 494 1374 533 confi-

262 566 339 610 na,
367 567 502 612 patriae
522 575 652 611 amor,
694 572 731 602 et
751 563 942 612 fingularis
967 563 1160 612 prudentia
1186 563 1253 600 hac
1279 575 1375 610 quo·

265 645 337 682 que
371 633 409 671 in
448 645 486 672 re
518 633 655 673 summa
686 635 792 674 laude
815 633 1030 684 dignissima
1059 631 1142 671 sunt
1165 631 1347 672 habenda.

776 789 814 838 §.
851 801 892 837 4.

310 923 474 964 Tandem
513 925 819 965 Gulielmus
851 934 940 976 post
975 926 1073 966 varia
1110 923 1369 974 impedimenta

257 991 399 1041 serius,
427 1005 537 1052 quam
576 1004 797 1045 optaverat,
824 1008 910 1035 cum
936 996 1103 1035 exercitu
1132 996 1171 1034 in
1201 994 1366 1044 Belgium

256 1062 451 1110 profectus
482 1074 539 1103 est
565 1065 734 1116 (Quarto
766 1067 851 1105 Kal.
871 1068 983 1116 maJ'as
1012 1077 1046 1104 a.
1081 1066 1217 1114 1568).

305 1134 505 1173 Exercitus
539 1136 643 1185 ejus,
670 1135 734 1173 etfi
771 1137 888 1174 multa
917 1147 1028 1185 opera
1051 1144 1087 1173 et
1121 1135 1244 1173 sumtu
1266 1144 1367 1171 com-

255 1212 429 1251 paratus,
469 1217 556 1242 cum
601 1216 780 1253 numero,
830 1215 912 1244 tum
951 1214 1128 1255 apparatu
1167 1203 1368 1243 Albani

254 1272 417 1310 exercitu
449 1275 569 1312 multo
592 1285 667 1313 erat
692 1264 876 1314 inferior(
913 1276 955 1314 In
993 1276 1104 1325 hujus
1130 1275 1226 1312 enim
1262 1284 1367 1312 exer-

251 1341 330 1379 citu
366 1343 473 1381 multi
508 1344 714 1383 militabant
741 1345 924 1394 Hispani,
964 1345 1063 1383 bello
1094 1343 1286 1392 consueti,
1326 1343 1366 1382 in

249 1412 427 1459 periculis
462 1414 607 1453 versati.
661 1416 767 1453 Illius
801 1427 891 1453 vero
925 1416 1111 1453 exercitus
1145 1427 1190 1453 ex
1211 1414 1364 1452 diversis

248 1480 464 1521 hominibus
482 1512 496 1531 ‚
522 1485 689 1532 undique
715 1484 912 1533 collectis,
936 1485 1125 1534 pugnandi
1156 1493 1233 1522 arte
1261 1484 1365 1533 igna-

247 1551 299 1588 ris
320 1551 521 1593 constabat.
580 1555 652 1593 Hic
683 1554 830 1602 omnia,
860 1566 954 1602 quae
993 1554 1040 1593 ad
1074 1554 1276 1592 exercitum
1308 1552 1364 1591 in-

245 1618 456 1660 struendum
484 1625 577 1662 etad
599 1624 712 1662 vitam
739 1623 1011 1662 sustentandam
1024 1623 1224 1662 necessaria
1248 1622 1356 1671 sunt,

244 1688 284 1727 in
317 1700 438 1730 castra
459 1691 522 1730 sua
543 1695 776 1743 congesserat
799 1703 835 1732 et
861 1703 1047 1742 praeterea
1079 1694 1216 1743 opibus
1242 1695 1361 1733 abun·

245 1759 380 1809 dabat3
419 1761 482 1800 ille
511 1772 632 1802 autem
674 1764 844 1813 regiones
875 1763 1122 1813 investigabat
1156 1764 1361 1812 depopula-

242 1836 325 1877 tas,
346 1831 446 1869 omni
467 1833 571 1871 victu
599 1832 763 1881 privatas
791 1843 904 1882 atque
932 1832 1116 1882 pecunia,
1144 1834 1190 1871 ad
1216 1833 1357 1872 bellum

242 1901 443 1945 gerendum
499 1911 583 1940 ante
625 1903 749 1941 omnia
788 1902 1012 1950 necessaria,
1040 1903 1191 1951 prorsus
1218 1903 1364 1953 indige·

237 1966 316 2006 bat.
369 1970 626 2010 Nihilominus
663 1972 966 2011 Gulielmus
992 1971 1133 2020 ingenti
1161 1973 1288 2011 labore
1320 1982 1358 2012 et

236 2039 433 2087 prudentia
447 2039 507 2080 sua
521 2042 696 2081 omnibus
723 2043 782 2082 his
800 2043 903 2082 malis
924 2042 974 2082 ita
994 2041 1173 2082 succurrit
1187 2071 1200 2091 ,
1229 2053 1271 2083 ut
1292 2055 1360 2093 pa-

1275 2125 1358 2153 rum

266 2230 323 2267 (ι)
342 2230 416 2262 Vid.
439 2233 537 2270 Bor,
559 2235 616 2273 op.
642 2236 666 2266 ι.
690 2235 756 2266 Lib.
780 2236 836 2268 lv.
858 2236 914 2267 fol.
940 2238 1005 2267 181.
1035 2213 1355 2274 stitia-laven&-

231 2285 271 2316 IL
293 2295 358 2325 pag·
382 2292 430 2325 87-
452 2289 514 2326 sqq·
