1560 2860
283 258 312 298 e
641 256 1025 312 oRArlo

341 393 411 438 Ad
446 397 639 438 hominis
689 397 987 453 cognitionem
1037 393 1387 452 comparandam,

287 476 334 512 ut
361 469 458 514 hinc
497 471 660 524 ordiar,
693 471 919 528 adjumenti
953 470 1053 528 quid
1081 470 1201 514 nobis
1235 467 1390 514 afferre

284 544 357 599 id,
389 546 503 603 quod
535 547 847 606 praedicamus,
885 547 1085 601 studium,
1122 547 1234 590 haud
1270 533 1390 589 facile
1451 534 1455 538 ”

289 621 496 681 quispiam
541 623 692 668 infitias
728 623 817 668 ibit.
889 623 975 668 Sed
1007 639 1133 680 quam
1173 621 1391 682 praeclara

287 697 340 742 sit
374 705 413 742 et
453 712 627 758 prorsus
660 698 883 757 singularis
922 699 1027 744 haee
1074 700 1160 757 ejus
1200 699 1355 743 utilitas
1376 730 1390 752 ‚

287 774 429 832 paullo
481 776 715 820 accuratior
772 776 832 820 rei
887 777 1166 820 consideratio
1217 776 1390 821 evincet.

289 849 472 894 Historia
500 852 665 909 quidem
694 853 1015 913 Philosophiae,
1046 853 1234 897 universe
1269 855 1398 911 spec·

289 933 398 981 tata,
426 935 605 972 mentem
644 928 869 972 humanam
908 929 1242 985 cognoscendam
1273 926 1397 970 nobis

289 1001 443 1057 offert,
493 1004 547 1047 ad
600 1019 743 1049 verum
792 1004 1121 1062 investigandum
1169 1004 1398 1055 intentam,

290 1078 630 1135 demonstratque
678 1086 789 1133 tum,
833 1079 984 1136 quibus
1027 1080 1151 1124 veluti
1188 1079 1400 1137 gressibus

290 1155 508 1210 incedens,
541 1156 596 1199 ad
619 1155 688 1209 id,
720 1156 834 1213 quod
870 1155 1056 1213 quaerit,
1096 1155 1401 1212 assequendum

290 1245 340 1275 ea
381 1232 627 1290 perveniat,
672 1239 760 1275 tum
805 1232 955 1289 quihus
995 1232 1039 1275 in
1081 1247 1285 1290 generoso
1323 1246 1401 1276 suo

291 1321 416 1352 eursu
448 1308 684 1352 retardetur
718 1308 1041 1368 impedimentis.
1110 1309 1295 1353 Historia
1331 1308 1402 1353 illa

292 1391 379 1438 est,
421 1384 625 1429 Divinitus
657 1385 780 1429 nobis
815 1400 1067 1440 concessae,
1108 1385 1319 1444 cogitandi
1353 1398 1403 1429 ac

293 1461 571 1505 ratiocinandi
611 1462 830 1507 facultatis.
899 1463 945 1507 Si
980 1471 1114 1507 autem
1140 1463 1190 1507 de
1219 1465 1405 1508 Divinis

294 1536 529 1595 singulatim
579 1539 706 1583 rebus
751 1539 996 1598 Sapientum
1038 1540 1405 1598 philosophemata

295 1614 607 1671 cognoscimus3
637 1623 724 1658 tum
744 1615 910 1659 demum
933 1617 1118 1660 omnium
1141 1615 1405 1661 difficillimos

295 1697 338 1734 et
378 1690 657 1735 nobilissimos
696 1691 1007 1736 consideramus
1045 1693 1132 1736 veri
1166 1691 1406 1737 inveniendi

299 1774 486 1811 conatus.
546 1768 717 1825 Ecquae
747 1768 854 1812 enim
882 1769 1180 1828 Philosophiae
1202 1785 1303 1829 pars
1334 1777 1407 1814 aut

299 1849 383 1886 tam
412 1843 585 1887 arduam
625 1845 704 1889 sibi
732 1846 997 1905 propositam
1038 1847 1167 1892 habet
1207 1847 1409 1905 disquisi-

299 1918 454 1963 tionem
474 1951 486 1973 ,
519 1928 588 1964 aut
628 1929 714 1965 tam
757 1923 933 1967 sublime
971 1925 1235 1982 persequitur
1262 1923 1408 1969 consi-

301 1994 425 2049 lium,
458 2012 581 2053 quam
610 2013 656 2042 ea
673 2031 684 2051 ,
716 2015 824 2056 quae
849 2000 1064 2045 innumera
1094 2009 1268 2046 naturae
1292 2001 1405 2055 visa,

303 2072 510 2129 stupenda
539 2074 756 2119 machinae
794 2077 1029 2121 mundanae
1064 2078 1288 2131 miracula,
1326 2078 1408 2122 ad-

304 2147 578 2194 mirabiliores
614 2151 736 2195 etiam
775 2153 1009 2198 animorum
1050 2162 1290 2199 nostrorum
1326 2155 1410 2200 do-

307 2231 394 2277 tes,
448 2226 501 2269 ad
539 2242 689 2281 unam,
730 2243 903 2287 eamque
943 2231 1128 2275 omnium
1171 2247 1408 2291 supremam

307 2299 506 2345 Caussam
522 2304 675 2348 referre
693 2336 707 2358 ‚
740 2313 863 2363 atque
905 2323 953 2353 ex
989 2307 1129 2367 agnita
1158 2308 1279 2367 hujus
1313 2309 1407 2354 effi·-

1331 2390 1416 2429 ca·'
