1560 2860
323 274 379 320 76
690 269 1071 316 ORATIO.

324 415 481 457 rarius
510 414 739 464 adjiciens.
785 414 1057 455 Praemium
1081 410 1188 453 huic
1210 411 1338 465 operi
1359 409 1437 451 es-'

322 507 370 534 se
401 490 692 533 tribuendam
705 491 940 542 judicavit
971 488 1202 531 Facultas.
1260 486 1434 528 Aucto-

326 581 424 609 rem
449 581 525 618 se,
555 567 757 609 examine
788 567 1024 617 instituto,
1045 563 1266 620 probavit

405 666 652 713 Jacohus
681 664 959 711 Gerardus
990 663 1365 711 Roosehoom‚

517 742 698 774 Medicinae
718 744 752 773 in
773 742 832 773 hac
855 741 1025 772 Academia
1046 739 1228 772 studiosus.

379 842 562 889 Ultimus
589 842 740 901 igitur,
782 842 827 885 in
868 841 952 886 hoc
994 839 1129 884 laudis
1164 836 1326 890 stadio,
1370 835 1440 880 Tu

322 920 449 971 nobis
489 935 533 965 es
548 953 561 974 ,
600 918 864 964 ornatissime
910 917 1097 961 Jacob
1114 931 1136 959 e
1166 916 1205 959 G
1221 929 1355 958 erar
1370 913 1398 956 d
1414 927 1437 956 e

323 997 736 1049 Rooseboom!
768 1016 817 1024 -
852 993 1058 1038 Ultimum
1088 992 1152 1036 Te
1184 990 1291 1044 dixi,
1321 999 1438 1033 tem-

316 1077 454 1131 poris
492 1080 681 1126 tantum,
712 1084 797 1128 quo
828 1077 867 1114 te
902 1069 1057 1126 alloqui
1082 1067 1268 1128 possim,
1301 1067 1437 1112 ratio-

322 1165 377 1195 ne
404 1135 567 1194 habita.
654 1148 765 1192 Nam
802 1146 838 1191 si
877 1149 1046 1190 merita
1085 1150 1349 1204 spectamus,
1379 1143 1438 1187 ita

323 1241 413 1271 non
437 1226 603 1271 ultimus
631 1239 693 1280 es,
727 1231 773 1268 ut
799 1222 940 1282 privas
965 1222 1088 1267 etiam
1123 1236 1173 1266 ac
1207 1220 1439 1281 peculiares

325 1303 428 1349 Tibi
463 1302 607 1347 laudes
638 1300 839 1345 vindices.
929 1299 1077 1344 Priore
1118 1299 1227 1343 enim
1265 1298 1440 1354 hujusce

327 1380 427 1426 anni
460 1377 688 1422 academici
724 1384 871 1436 parte,
904 1378 952 1420 ea
981 1376 1229 1421 valetudinis
1257 1374 1441 1419 infirmi-

323 1464 412 1501 tate
441 1454 766 1514 languescebns,
797 1461 843 1498 ut
874 1454 1105 1498 amicorum
1137 1450 1327 1499 Tuorum
1359 1467 1439 1497 ne-

320 1548 394 1579 mo
424 1548 594 1593 sperare
608 1540 776 1592 posset,
807 1533 899 1576 sore
928 1538 995 1584 ut,
1026 1530 1159 1574 hocce
1176 1529 1442 1589 potissimum

322 1612 434 1655 festo
458 1610 550 1664 die,
579 1610 626 1653 id
652 1608 826 1653 honoris
854 1609 898 1651 in
926 1609 989 1653 Te
1018 1608 1293 1652 conferretur.
1354 1606 1442 1651 Sed

324 1702 504 1731 noveras
549 1686 640 1739 Tu,
683 1693 844 1729 tantam
885 1687 1098 1728 Cleemiae
1140 1683 1442 1743 praestantiam

325 1779 442 1819 esse,
485 1771 531 1807 ut
563 1762 726 1806 ardoris
765 1762 875 1806 velut
908 1762 1116 1804 flammam
1151 1760 1197 1803 in
1235 1761 1442 1806 cultorum

325 1856 498 1886 suorum
535 1840 684 1883 animis
718 1838 895 1892 excitet,
935 1852 1022 1886 non
1063 1837 1186 1881 nimis
1226 1837 1346 1882 facile
1386 1837 1442 1881 il..

326 1920 411 1962 lam
426 1949 438 1971 ,
454 1932 532 1977 per
560 1915 740 1960 infelicia
774 1929 914 1958 rerum
931 1914 1128 1971 adjuncta
1142 1947 1153 1967 ,
1172 1914 1441 1973 exstinguen-

328 1995 443 2039 dam.
522 1993 587 2036 Ita
617 1990 1025 2035 Lavoisierius
1060 1991 1319 2050 praeiverat,
1364 1991 1441 2036 Vir

329 2068 608 2124 immortalis;
667 2067 727 2111 ita
753 2074 921 2113 nostras
959 2081 1128 2124 quoque
1152 2067 1440 2128 Kasteley-

328 2148 472 2193 nius!
505 2169 556 2177 —-
589 2145 657 2189 Tu
692 2158 816 2196 vero,
847 2143 891 2187 in
915 2143 1183 2188 nobilissimis
1213 2145 1316 2189 Tuis
1338 2160 1443 2204 per-

331 2222 555 2282 sequendis
575 2220 746 2274 studiis,
777 2220 838 2264 sic
863 2235 1015 2279 pergas
1041 2222 1183 2276 velim,
1213 2230 1257 2266 ut
1274 2222 1440 2268 Patriae

332 2299 470 2362 prosis
498 2306 537 2345 et
571 2298 721 2344 artium
747 2296 997 2356 disciplinis!

1323 2413 1442 2461 Haec
