1483 2860
471 209 541 240 DE
591 198 891 238 ACETO.
1177 213 1240 254 „57

131 314 334 365 perimenta
363 308 572 350 accuratius
605 306 780 356 repetiit,
808 318 876 346 nec
905 319 994 348 vero
1022 311 1244 352 ammoniam

129 394 253 432 neque
285 381 597 430 hydrocyanatem
635 377 802 426 potassae
837 377 978 417 invenit
1017 382 1073 429 1).
1125 383 1245 422 Acce-

129 453 190 503 pit
217 459 339 491 autem
374 459 437 497 gas
472 447 618 486 acidum
653 445 922 493 cai-bonicum,
963 457 1028 495 gas
1065 450 1248 501 hydroge.

130 522 237 561 nium
263 519 504 559 carbonatum
533 516 702 566 spiritum
734 518 1053 566 pyro-aceticum
1070 547 1084 566 ‚
1122 521 1247 560 oleum

133 588 487 640 empyreumaticum
508 615 523 635 ,
573 596 686 636 atque
724 587 763 625 in
812 595 952 626 retorta
993 587 1176 629 refiduum
1227 603 1249 629 e

131 660 331 699 cai-bonate
375 657 545 708 potassae
581 666 619 696 et
655 657 854 696 carbonico
905 657 1093 697 constans.
1145 658 1249 703 Clar.

132 711 335 770 Lowits
360 738 481 767 autem
501 726 650 775 voluit,
664 727 809 765 acidum
835 727 1017 765 aceticum
1038 727 1147 765 etiam
1163 739 1252 767 con-

127 800 252 841 tinere
285 798 431 838 acidum
460 797 781 847 phosphoricum‚
811 797 915 845 quod
952 808 1148 836 erroneum
1175 798 1253 838 esse

134 881 181 908 ex
206 868 337 907 iisdem
359 867 628 918 experimentis
655 875 758 915 patet
785 867 847 915 2).

193 938 356 987 Aliquot
399 946 486 976 ante
525 948 642 976 annos
692 937 803 975 multi
848 937 1029 985 chemici,
1075 947 1256 987 praeunte

134 1008 199 1051 Cl.
228 1008 536 1047 Berthollet
561 1008 635 1057 3),
663 1006 869 1046 statuebant
900 1008 1046 1045 acidum
1073 1008 1256 1048 aceticum

135 1090 184 1119 ex
218 1079 467 1119 destillatione
491 1077 643 1116 acetatis
666 1077 774 1127 cupri
802 1076 950 1116 differre
970 1078 1015 1116 ab
1045 1077 1151 1116 acido
1177 1090 1262 1117 ace·

136 1150 216 1189 tico
249 1162 295 1189 ex
327 1157 433 1188 aceto
467 1148 656 1187 destinato
691 1147 873 1196 acquifito
889 1175 902 1194 ‚
930 1156 1044 1194 atque
1072 1158 1262 1197 propone-

136 1221 229 1259 bant
263 1220 337 1258 hoc
370 1220 516 1259 acidum
560 1217 765 1267 acetosum,
824 1217 918 1257 illud
956 1230 1047 1257 vero
1080 1222 1261 1259 aceticum

140 1301 288 1328 vocare.
355 1290 735 1328 Bertholletus
775 1288 870 1327 enim
906 1287 1122 1337 invenerat,
1174 1291 1264 1330 dum

138 1359 287 1398 acidum
306 1358 486 1397 aceticutn
518 1367 756 1406 praeparatur
778 1370 844 1408 per
874 1359 1161 1397 destillationem
1183 1371 1266 1400 ace·

139 1428 228 1467 tatis
263 1427 397 1477 cupri,
437 1439 595 1476 cuprum
627 1428 744 1465 redire
773 1427 811 1465 in
850 1427 983 1466 statum
1011 1430 1262 1480 metallicum,

141 1507 256 1547 atque
308 1497 441 1535 exinde
491 1496 747 1546 concluserat,
802 1498 967 1536 acidum'
1002 1499 1188 1538 acetosum
1224 1501 1265 1540 in

143 1568 218 1606 hoc
254 1566 507 1616 experimento
530 1565 567 1604 se
590 1566 804 1605 combinare
836 1579 922 1606 cum
951 1571 1138 1617 oxygenio
1173 1583 1270 1621 oxy·

143 1638 183 1677 di
218 1637 327 1686 cupri
359 1648 404 1675 ex
440 1635 490 1675 fic
526 1636 680 1676 formari
717 1637 864 1676 acidum
898 1639 1097 1679 aceticum.
1173 1642 1269 1681 Post

144 1709 252 1747 illum
296 1707 396 1756 Exp.
442 1707 604 1746 Dabit
646 1717 802 1746 conatus
850 1717 907 1747 est
941 1721 988 1747 ex
1017 1709 1092 1748 alio
1125 1712 1270 1760 experi-

145 1787 273 1818 mento
299 1790 376 1817 rem
409 1778 597 1828 probare;
627 1790 672 1817 ex
703 1789 747 1816 eo
781 1778 982 1826 nimirum,
1012 1781 1118 1828 quod
1141 1793 1187 1820 ex
1209 1785 1269 1821 re·

144 1848 293 1889 actione
321 1849 472 1887 acetatis
500 1847 668 1898 potassae
703 1857 740 1887 et
764 1848 860 1887 acidi
891 1849 1097 1899 sulphurici
1118 1851 1265 1891 acidum

1185 1934 1267 1962 ace·

185 1996 220 2033 ι)
239 1996 266 2025 Τ
277 2003 321 2025 ro
332 1995 544 2033 mmsdorf,
564 2002 658 2025 neues
675 1996 781 2031 algem.
801 1995 910 2034 Journ.
937 1997 991 2026 der
1011 1998 1158 2035 Chcmie,
1176 1998 1268 2029 Tom.

151 2053 191 2083 V.
213 2060 282 2089 pag.
304 2060 371 2089 573.

187 2112 224 2148 2)
244 2109 412 2148 Lowsts,
450 2110 482 2140 in
501 2112 599 2143 Crells
628 2111 735 2143 chem.
766 2113 900 2151 Annal„
928 2114 990 2147 ΛΨ.
1015 2121 1113 2153 1793,
1134 2116 1163 2145 1.
1186 2115 1269 2145 Band

149 2173 218 2203 pag.
244 2174 312 2201 απ.

191 2223 227 2259 3)
254 2225 506 2263 Berthollet,
525 2226 695 2257 Memoires
722 2227 760 2257 de
787 2226 908 2258 l’Acad.
941 2228 995 2258 des
1024 2224 1181 2265 sciences,
1205 2226 1264 2260 ΑΩ.

154 2285 239 2318 1788·
