1483 2860
389 186 822 238 JURIDICA.
1122 196 1169 238 ις

58 326 89 347 „
114 305 286 341 meretur.
341 296 480 337 Mansit
499 305 620 338 tamen
645 294 892 345 stipulationis
924 294 1063 346 semper
1085 306 1178 347 pto-

54 395 85 417 „
112 367 235 416 prium
251 394 264 416 ,
291 374 334 404 ut
363 368 476 405 verba
501 366 814 406 intercederent.”
835 365 922 416 (ι).

555 514 594 562 ς.
622 527 659 552 2.

100 656 320 708 Disquisttio
345 658 524 696 historica
546 657 591 696 de
614 659 911 698 conventionibus
928 658 1131 706 secundum

448 727 518 776 jus
540 726 771 768 hodiernum.

106 866 350 907 Voluntatem
387 879 618 917 quocunque
643 869 758 908 modo
785 869 1003 908 declaratam
1030 878 1180 908 contra-

57 938 187 979 hentes
222 937 390 987 obligare
421 940 590 986 generale
622 947 680 977 est
707 939 804 988 J'uris
840 939 1011 981 hodierni
1040 940 1181 989 princi-

56 1009 186 1057 pium,
208 1009 301 1047 adeo
321 1017 366 1047 ut
389 1008 589 1048 discrimen
611 1009 708 1048 inter
729 1017 880 1057 pactum
895 1018 932 1048 et
944 1018 1180 1050 contractum

55 1076 240 1118 sublatum
263 1077 308 1117 fit
322 1106 337 1126 ,
364 1077 555 1127 nobisque
584 1078 800 1118 indistincte
823 1079 882 1119 his
901 1080 1098 1119 vocabulis
1123 1082 1183 1123 uti

54 1149 185 1188 liceat:
214 1148 322 1199 quus
363 1148 416 1186 rei
451 1147 557 1187 causa
579 1149 654 1198 Jatn
687 1149 926 1190 examinanda
950 1159 1024 1191 est.
1074 1153 1184 1202 Quae

55 1218 103 1258 de
147 1217 443 1258 conventionum
491 1218 530 1256 vi
571 1218 795 1267 obligatoria
841 1220 1186 1272 secundum2j1ffis

57 1288 236 1328 naturalis
279 1288 465 1338 principia
511 1288 828 1337 memoravimus,
871 1290 932 1332 hic
966 1291 1102 1331 iterum
1143 1294 1185 1332 in

57 1358 207 1398 censum
239 1358 365 1398 venire
389 1359 540 1397 debent.
593 1359 750 1398 Summo
783 1359 879 1399 enim
897 1362 980 1411 jure
1002 1372 1081 1401 nos
1101 1370 1184 1402 tum

54 1427 289 1468 contendisse
323 1436 526 1478 putamus,
551 1437 684 1468 omnes
717 1430 989 1471 conventiones
1004 1460 1020 1481 ,
1066 1434 1182 1473 modo

56 1498 180 1538 valide
205 1498 317 1540 initas
332 1527 346 1547 ‚
386 1498 617 1548 paciscentes
637 1500 875 1551 adstringere.
927 1503 1061 1542 Prouti
1091 1515 1185 1544 vero

58 1570 175 1608 homo
215 1570 275 1608 vel
311 1578 391 1608 tota
426 1579 521 1618 gens
557 1571 734 1620 majorem
760 1571 873 1611 habet
896 1573 1115 1623 opinionem
1139 1576 1187 1616 de

57 1639 352 1681 conventionum
393 1638 584 1682 sanctitate
618 1640 676 1678 vel
712 1641 893 1682 minorem
907 1672 921 1692 ‚
961 1656 1032 1693 pro
1059 1645 1186 1685 eadem

60 1710 170 1749 etiam
195 1710 341 1749 ratione
364 1710 461 1752 inter
498 1710 762 1751 contrahentes
792 1713 998 1763 majoribus
1023 1715 1084 1756 vel
1116 1715 1188 1754 mi,-

60 1780 220 1822 notibus
249 1782 406 1821 cautelis
435 1794 537 1833 opus
572 1791 658 1832 est,
696 1783 837 1833 quibus
864 1784 911 1823 ad
950 1784 1038 1824 fidei
1074 1784 1186 1826 semel

58 1853 166 1892 datae
194 1851 491 1892 observationem
530 1862 655 1903 partes
685 1853 774 1903 cogi
808 1852 970 1904 posfint.
1022 1855 1187 1906 Quando

59 1922 177 1971 igitur
207 1933 301 1972 gens
333 1932 441 1972 pacta
475 1923 617 1963 violare
653 1923 745 1963 solet
761 1953 775 1973 ‚
825 1935 948 1974 neque
988 1925 1186 1968 observant

60 1992 231 2032 homines
264 1994 312 2033 de
355 1993 496 2043 quibus
531 1993 654 2034 secum
694 1994 854 2035 invicem
890 2007 1183 2048 convenerunt,

35 2071 216 2102 ·externa
251 2062 350 2114 signa
385 2065 485 2114 leges
519 2064 560 2103 in
595 2066 852 2105 contrahendo
882 2067 1108 2118 requirunt,
1143 2077 1188 2108 ut

66 2143 110 2170 ex
147 2132 193 2170 iis
223 2132 386 2182 constet,
432 2135 588 2172 alterum
620 2133 725 2184 alteri
753 2134 830 2174 esse
855 2135 1079 2186 obligatum.
1146 2137 1187 2177 Si

1119 2219 1183 2248 ve·

106 2275 365 2314 (1)Disp.1.p.
390 2286 439 2312 115
463 2286 492 2309 et
518 2279 583 2309 116.
