1483 2860
275 263 331 310 ,ο
495 253 1171 301 conMEN‘rA’rro

274 373 438 410 ratornm
458 363 643 414 specimen
670 364 887 415 quoddam,
921 375 990 404 nec
1027 363 1147 414 regiae
1183 363 1394 417 maJestati,

274 445 398 484 neque
435 434 544 473 etiam
585 433 1006 475 Romano-catholicae
1044 434 1216 484 religioni
1256 447 1396 486 repug-

271 515 366 549 nans
389 503 575 543 conficere
601 503 813 553 concesfit,
839 513 885 546 ut
917 505 997 555 ipse
1019 516 1152 555 postea
1179 506 1226 545 de
1251 518 1296 547 eo
1315 507 1398 546 sen-

275 573 430 613 tentiam
473 573 574 614 suam
611 574 718 614 edere
751 573 891 625 posset.
961 575 1130 614 Tandem
1143 605 1159 626 ‚
1199 574 1399 617 foederatis

275 642 460 692 aliisque,
484 643 614 692 prouti
643 643 712 683 fibi
747 652 869 684 ratum
891 643 1080 684 videretur
1094 673 1109 694 ,
1146 645 1291 684 veniam
1312 645 1400 684 dare

279 712 614 763 Margaritae
648 714 858 755 commifit:
883 714 1050 763 exceptis
1087 723 1207 754 tamen
1231 714 1307 763 iis,
1334 715 1402 763 qui

279 782 433 832 publice
466 784 623 824 crimine
661 785 824 833 quodam
862 784 1026 824 accusati
1057 783 1191 828 essent.
1265 784 1404 824 Omnia

278 852 468 902 denique,
493 853 671 903 foedera,
695 862 932 901 conventus,
963 853 1167 894 conciones
1203 853 1321 894 sacras
1345 865 1406 893 ar·

281 932 431 962 morum
461 923 502 962 vi
534 924 745 966 coercenda
774 923 877 972 esse,
907 923 1073 964 decrevit
1097 925 1182 974 (1).

329 992 406 1032 His
450 993 569 1034 literis
616 995 706 1034 alias
750 994 997 1034 Hornano
1047 1002 1086 1034 et
1128 990 1401 1042 Egmondo

277 1060 404 1104 missas
426 1062 580 1105 addidit.
617 1064 682 1104 Ad
717 1064 796 1104 Gu
810 1064 902 1103 liel
916 1075 951 1103 m
965 1075 1039 1103 um
1072 1075 1162 1102 vero
1193 1061 1259 1102 sna
1282 1061 1401 1111 ip'ssus

279 1142 392 1173 manu
433 1134 682 1183 conscriptam
721 1133 918 1183 epistolam
945 1133 1073 1182 dedit,
1112 1132 1252 1182 quibus
1277 1132 1406 1171 huma-

272 1201 377 1243 niter
413 1203 712 1251 testificabatur,
751 1203 788 1242 se
823 1195 983 1243 omnet'n.
1008 1202 1111 1242 suam
1149 1202 1249 1252 spem
1285 1202 1325 1241 in
1359 1212 1406 1240 eo

280 1284 448 1322 ponere,
474 1273 584 1321 eique
608 1275 803 1312 maximam
831 1273 939 1313 fidem
976 1272 1128 1312 habere.
1155 1272 1410 1311 Summe-lau,-

282 1341 440 1380 dabatur
474 1352 629 1392 propter
658 1354 728 1391 ea,
771 1354 866 1391 quae
897 1343 1125 1393 Antverpiae
1150 1342 1338 1392 gesserat,
1364 1341 1411 1382 fi·

285 1411 442 1462 mulque
484 1412 762 1451 admonebatur
777 1441 790 1461 ‚
828 1421 871 1450 ut
899 1411 1049 1451 fratrem
1084 1413 1118 1452 L
1133 1414 1193 1451 ud
1207 1411 1321 1451 ovic
1336 1421 1410 1451 um

283 1480 398 1520 nimia
428 1482 578 1521 audacia
603 1491 824 1532 proreptum
838 1510 852 1530 ‚
882 1482 928 1521 ad
950 1484 1102 1521 meliora
1125 1482 1277 1522 confilia
1300 1483 1410 1521 redu·

282 1559 385 1591 ceret
406 1551 492 1602 (2).

339 1621 464 1660 Facile
494 1622 657 1671 quisque
702 1621 1006 1671 animadvertits
1029 1633 1141 1671 quam
1172 1630 1301 1661 astute·
1341 1619 1411 1660 imf-

287 1690 470 1738 placabile
494 1691 624 1739 suum,
642 1703 727 1742 erga
751 1693 869 1734 hosce
893 1692 1112 1732 triumviros
1128 1719 1143 1740 ‚
1178 1691 1306 1731 odium
1330 1691 1409 1730 dis·

289 1758 531 1800 fimulaverit.
584 1763 720 1808 Itaque
749 1761 901 1800 minime
938 1770 1020 1810 est,
1059 1761 1164 1810 quod
1202 1762 1270 1800 hac
1306 1760 1346 1800 in
1371 1759 1412 1801 r'e

291 1829 480 1869 lenitatem
505 1830 586 1880 ejus
613 1838 651 1869 et
674 1830 906 1868 clementiam
930 1831 1137 1869 laudemus.
1174 1830 1324 1869 Etenim
1343 1829 1410 1880 ως

297 1911 393 1948 quae
406 1908 539 1949 postea
562 1900 660 1939 facta
672 1899 756 1938 sunt
767 1928 780 1947 ,
799 1899 884 1938 satis
898 1899 1084 1949 superque
1097 1900 1380 1940 manifestarunt
1394 1914 1410 1950 4

297 1981 376 2018 quo
415 1971 562 2008 tandem
596 1980 681 2017 erga
718 1969 788 2007 hos
813 1969 917 2007 viros
947 1968 1041 2008 esset
1074 1969 1222 2017 animo,
1249 1973 1413 2019 eumque

293 2038 439 2081 blandis
461 2028 616 2087 verbss,
644 2049 728 2077 eum
764 2046 909 2079 tantum
935 2038 974 2078 in
1000 2040 1110 2080 finem
1136 2040 1241 2080 usum
1267 2039 1413 2089 fuisse24
1482 2032 1483 2037 ’

1332 2113 1414 2160 quo

335 2251 392 2288 (ι)
411 2250 485 2284 Ἦά.
509 2253 769 2289 immundus,
789 2255 849 2291 op.
870 2256 893 2284 1.
917 2262 990 2291 pag.
1012 2263 1077 2292 11³·
1098 2255 1162 2292 sqq.

334 2307 390 2348 (α)
414 2308 481 2341 Vid.
503 2311 621 2346 wag..
646 2312 705 2347 op.
723 2312 822 2352 1.·vl.
837 2319 913 2355 pag.
938 2321 1004 2349 ¹71·
