1483 2860
387 253 900 296 LITERARIA.
1133 263 1204 302 ως

136 365 266 414 Itaque
301 364 393 402 nihil
419 363 542 413 aptius
576 363 839 402 Gulielmo
877 363 916 400 in
950 370 1107 400 mentem
1142 373 1211 399 ve·

81 435 169 485 nit,
196 446 304 482 quam
336 444 404 480 ut,
433 434 537 481 quod
564 433 640 482 ipse
674 445 780 482 aegre
809 434 976 479 valeret,
1022 444 1089 481 per
1113 430 1206 470 alios

86 504 231 545 efficere
284 500 609 552 Philippique
657 504 819 542 animum
875 504 1019 552 placare
1059 512 1212 540 conare·

87 582 164 613 tur.
194 575 293 613 Cum
315 572 613 621 circumspiceret
638 574 684 611 ad
717 584 911 621 quemnam
937 572 1147 620 Principem
1176 571 1213 610 se

81 651 351 693 converteret,
390 643 750 682 Maximilianus
774 644 974 692 imperator
997 652 1033 680 et
1059 652 1215 691 propter

90 713 292 762 infignem,
320 725 392 761 qua
413 713 514 761 apud
536 714 564 751 P
579 714 603 751 h
619 713 713 762 ilip
728 725 752 761 p
768 725 793 751 u
807 725 842 750 m
867 712 1031 761 pollebat
1047 740 1060 759 ,
1084 697 1216 755 aucto-

86 784 233 823 ritatem
269 792 305 821 et
336 793 491 832 propter
534 783 694 821 animum
731 782 770 820 in
803 783 934 839 Belgas
975 791 1012 821 et
1044 781 1216 830 inprimis

87 854 129 893 in
172 853 493 892 Gulielmum
532 853 768 901 proclivem,
808 853 975 891 omnium
1022 851 1057 890 ei
1098 850 1218 901 aptis-

78 923 206 962 „fimus
235 923 335 961 visus
372 932 456 970 est,
503 923 569 971 qui
607 935 690 961 eum
733 934 820 960 cum
864 933 949 970 rege
991 922 1029 961 in
1066 920 1217 970 gratiam

95 994 302 1035 reduceret.
367 992 483 1032 Hunc
521 992 639 1040 igitur
671 1001 874 1041 rogatum,
912 1000 954 1030 ut
995 1000 1091 1039 erat,
1126 989 1218 1028 faci-

93 1065 164 1102 lem
192 1075 232 1102 ac
258 1063 480 1101 benevolum
501 1063 664 1111 reperiit.
719 1063 765 1101 M
780 1051 1114 1100 aximilianus¹
1136 1072 1220 1098 om-

93 1131 182 1179 nia,
227 1130 369 1179 quibus
396 1131 634 1179 Philippi
671 1131 847 1173 animum?
871 1130 1031 1168 delenire
1063 1139 1100 1168 et
1131 1142 1218 1168 curn
1276 1176 1288 1181 α

92 1201 218 1250 Belgis
240 1200 476 1240 reconciliare
490 1200 638 1249 posset,
668 1200 852 1239 adhibuit.
896 1201 1037 1238 Vanam
1064 1211 1153 1238 vero
1177 1200 1217 1238 in

93 1281 246 1322 pectore
276 1270 375 1324 spem
404 1270 510 1309 aluit.
564 1270 818 1319 Philippi
852 1269 1113 1316 contumacia,
1148 1281 1217 1307 nec

94 1342 297 1392 precibus,
325 1353 394 1380 nec
416 1340 569 1379 miseriis
591 1352 715 1389 neque
750 1340 857 1379 etiam
892 1338 1131 1388 Imperatoris
1156 1340 1220 1377 ad-

94 1413 368 1452 monitionibus
404 1412 625 1450 movebatur
656 1412 741 1461 (Ι).
1120 1459 1122 1462 y

148 1483 297 1523 Interim
333 1495 376 1521 ex
416 1483 576 1521 Paulo
610 1480 796 1538 Buisio
818 1508 831 1527 ‚
873 1479 1113 1528 integerrimo
1148 1480 1220 1517 ho·

94 1553 221 1601 mine,
249 1553 462 1603 patriaeque
500 1551 749 1591 amantissimo
769 1579 783 1598 ‚
810 1550 875 1599 qui
906 1552 999 1588 clam
1040 1551 1085 1588 ad
1123 1541 1160 1595 G
1179 1561 1222 1588 u-

94 1624 334 1662 lielmutn
354 1622 561 1670 *profectus
583 1630 689 1669 erat,
728 1621 852 1659 omnia
881 1631 977 1668 quae
1012 1620 1051 1657 in
1086 1619 1215 1668 Belgio

98 1693 303 1742 agebantur
329 1699 500 1730 accurate
535 1691 694 1739 accepit.
744 1691 953 1738 ,Postquam
983 1700 1135 1740 omnem¹
1164 1700 1222 1727 re·

97 1775 180 1802 rum
216 1762 348 1802 statum
388 1770 513 1799 mente
548 1770 585 1799 et
631 1759 860 1809 cogitatione
904 1761 1221 1808 perlustraverat,

97 1833 175 1873 five
222 1833 378 1871 aliorum
430 1831 593 1870 confiliis
636 1829 877 1877 admonitus,
934 1828 1010 1867 five
1049 1828 1125 1867 suis
1164 1828 1223 1877 ip·

95 1904 170 1944 ssus
213 1912 324 1942 utens
358 1902 597 1947 rationibus,
636 1901 858 1947 fortunam,
903 1907 999 1937 terra
1040 1899 1115 1937 huc
1156 1910 1222 1937 us-

101 1985 175 2022 que
209 1972 243 2011 ei
290 1971 492 2027 infestam,
529 1970 620 2010 mari
651 1969 811 2019 experiri
853 1969 1033 2010 decrevit.
1087 1970 1219 2018 Itaque

98 2041 265 2082 collectis
294 2041 486 2080 nonnullis
523 2041 712 2088 navibus,
765 2039 905 2088 quibus
934 2040 1221 2082 Adrianum

101 2112 398 2162 Ber-gensem
421 2111 613 2150 dominum
632 2123 652 2150 a
668 2112 703 2150 D
719 2110 897 2149 olhain
915 2109 1086 2158 aliosque
1109 2120 1217 2159 prae·
1251 2122 1252 2125 ¹

1163 2177 1220 2216 fe-

96 2297 100 2302 ,
143 2263 198 2302 (ι)
216 2263 288 2294 Vid.
309 2264 464 2300 Hooft,
487 2265 549 2300 Op.
579 2264 650 2295 1.1.
672 2271 739 2300 pag.
762 2273 832 2301 303.
853 2277 891 2286 —
912 2264 991 2293 Van
1011 2263 1218 2297 Meteren,

109 2322 169 2358 Op.
189 2323 211 2351 Ι.
238 2329 306 2358 pag.
325 2330 393 2360 ⁵¹4·
417 2336 464 2347 —
483 2321 582 2351 Lmen
602 2327 662 2350 cet.
680 2321 722 2350 u.
742 2328 808 2357 pag.
827 2328 895 2355 ¹50·
