1483 2860
267 200 290 237 8
486 189 1158 237 COMMENTATIO

271 306 512 347 ventionibus
539 304 761 352 quibusdam
786 302 969 340 actionem
999 298 1263 339 concesserunt
1293 299 1382 338 dum

267 378 357 417 alias
383 387 460 414 non
485 375 703 421 servarunt,
729 373 757 411 fi
795 372 933 411 scilicet
960 382 1039 410 non
1067 371 1188 410 essent
1212 368 1383 408 observa-

269 456 328 486 tae
351 447 434 484 illae
458 443 721 492 solennitates,
749 454 842 491 quas
867 441 1132 491 requifiverant
1158 440 1269 490 primi
1289 439 1386 489 Juris

269 525 458 556 auctores,
497 535 552 546 -
583 514 676 552 Non
713 524 804 550 vero
830 512 999 560 constat,
1024 523 1045 550 a
1082 521 1160 560 quo
1188 510 1274 548 inde
1292 518 1388 548 tem·

269 597 363 636 pore
401 584 496 623 illud
531 582 731 622 discrimen
767 582 934 621 obtinuit
967 590 1074 630 pacta
1110 581 1206 620 inter
1236 588 1273 618 et
1294 589 1387 618 con·

270 664 426 695 tractus.
480 654 619 693 Primas
666 662 790 691 autern
832 653 933 701 leges
976 653 1022 690 de
1069 649 1385 690 conventionibus

273 723 444 763 Servium
469 722 638 761 Tullium
663 720 791 760 tulisse
812 729 943 759 auctor
967 720 1078 759 nobis
1108 728 1165 758 est
1184 716 1387 766 Dionysius

272 792 617 834 Halicarnassenfis.
671 820 703 841 ‚,
731 791 878 840 Leges,
904 791 954 829 ait
986 791 1073 838 ille,
1110 791 1155 829 de
1186 788 1389 828 contracti-

276 893 308 914 „
336 866 409 904 bus
438 873 474 902 et
506 865 552 902 de
582 862 727 913 inJ‘uriis
765 862 876 909 tulit,
906 872 998 909 quas
1021 859 1190 899 Curiatis
1210 857 1388 898 Comitiis

273 962 309 985 „
335 943 432 973 ratas
454 933 560 972 fecit.
609 932 729 971 Erant
757 940 881 969 autem
911 941 1066 968 numero
1091 927 1390 978 quinquaginta,

275 1033 309 1055 „
339 1015 496 1053 quarum
520 1001 747 1041 mentionem
769 999 889 1039 facere
909 1000 983 1050 jam
1007 1007 1154 1038 nonest
1167 998 1390 1049 opus.”(1)

275 1074 440 1114 Videtur
464 1085 524 1112 eas
547 1071 756 1119 tulisse‚ne
779 1070 918 1120 Plebeji
947 1069 1059 1108 nimis
1081 1068 1184 1118 gravi
1208 1068 1390 1116 foenore,

279 1158 357 1195 quo
392 1157 459 1185 eos
497 1142 715 1193 premebant
750 1140 930 1188 Patricii,
971 1140 1279 1186 succumberent,
1305 1149 1390 1176 nam

275 1224 389 1256 vocat
414 1225 474 1253 eas
498 1212 705 1261 Dionyfius
733 1239 764 1259 ‚‚
791 1215 872 1256 τοὺς
895 1213 1018 1260 νόμους
1039 1211 1305 1260 φιλανθρώπους
1330 1209 1391 1250 καὶ

279 1287 501 1336 swam-luove.
527 1281 770 1333 (2>1Lucius
798 1291 886 1319 vero
911 1279 1142 1330 Tarquinius
1165 1279 1362 1328 Superbus
1377 1306 1393 1327 ‚

277 1355 402 1396 Servii
430 1353 551 1393 Tullii
582 1350 768 1391 successor
808 1362 871 1389 eas
908 1362 997 1388 mox
1029 1349 1236 1399 abrogavit.
1291 1350 1393 1388 Cum

277 1438 370 1466 vero
393 1424 504 1464 verba
524 1422 636 1462 nobis
663 1422 761 1460 haud
787 1420 923 1460 servata
953 1420 1052 1467 fint‚
1080 1420 1135 1458 nil
1157 1421 1250 1459 certi
1274 1419 1320 1457 de
1344 1418 1393 1456 iis

276 1496 433 1535 statuere
457 1495 567 1541 licet,
605 1492 780 1531 videntur
806 1500 928 1529 tamen
948 1502 968 1529 a
993 1489 1226 1528 Decemviris
1253 1489 1292 1527 in
1318 1488 1394 1526 Le-

276 1566 388 1617 gibus
418 1577 465 1605 12
488 1563 616 1603 Tabb.
649 1561 807 1610 receptis
843 1569 880 1599 et
915 1558 990 1598 fori
1026 1559 1280 1608 disputatione
1311 1557 1396 1597 usu-

277 1648 352 1686 que
383 1635 478 1686 juris
505 1633 628 1672 civilis
660 1633 705 1670 ab
745 1630 891 1679 exiguis
931 1639 968 1668 et
1002 1629 1128 1678 parvis
1149 1628 1268 1667 initiis
1294 1628 1394 1667 illam

275 1704 458 1756 accepisse
492 1703 680 1750 formam,
716 1713 826 1751 quam
860 1700 961 1750 apud
996 1700 1191 1739 Romanos
1221 1699 1306 1738 dein
1329 1700 1396 1738 ha·

274 1776 454 1816 buerunt.
482 1774 552 1824 (3)

328 1845 604 1893 Antiquisfimo
633 1845 716 1895 iure
742 1842 916 1882 Romano
951 1840 1067 1889 igitur
1090 1850 1137 1879 ex
1158 1848 1270 1889 pacto
1292 1838 1397 1879 nulla

278 1917 376 1957 actio
417 1914 606 1953 oriebatur
642 1913 709 1951 nifi
747 1912 834 1960 quis
876 1922 951 1949 rem
992 1908 1106 1958 ipsam
1127 1937 1142 1957 ‚
1180 1908 1394 1949 solennibus

275 1987 392 2043 Justis
414 1984 643 2033 observatis,
671 1983 710 2021 in
737 1984 892 2022 alterum
927 1979 1198 2028 transtulisset,
1237 1979 1298 2021 vel
1327 1990 1396 2029 pet

1335 2049 1396 2090 so·

317 2120 373 2157 (1)
394 2119 465 2149 Vid.
486 2117 603 2148 Dion.
624 2118 708 2147 Hal.
728 2116 834 2152 Antiq.
855 2116 949 2145 Rom.
975 2124 1008 2151 p.
1031 2117 1096 2145 218.

317 2178 374 2214 (α)
394 2177 447 2207 ef.
471 2175 624 2211 Gluck,
648 2175 764 2205 Erliiut.
779 2175 835 2203 der
852 2174 945 2204 Pand.
965 2173 1056 2201 Tom.
1074 2172 1130 2202 lv.
1148 2171 1234 2201 Parte
1244 2171 1271 2202 1.
1282 2171 1312 2213 §-
1322 2171 1394 2207 306·

280 2245 313 2279 p.
336 2243 406 2271 223.
1007 2244 1009 2246 ·

318 2290 373 2331 (3)
393 2291 446 2329 cf.
468 2289 661 2322 Heinece.
685 2289 792 2326 Antiq.
814 2289 907 2319 Rom.
931 2287 985 2318 111.
1002 2294 1026 2317 t.
1044 2292 1096 2327 14.
1121 2296 1155 2324 p.
1177 2287 1247 2325 466.
