1483 2860
315 215 932 266 >T⁴HEOL‘0GICA.
1124 230 1188 272 99·

75 334 237 385 gladium
291 335 337 376 S*
390 335 491 375 Petri
538 334 578 373 in
640 331 757 384 ipsum
810 330 1067 372 destricturmn
1126 340 1185 374 eas

75 405 112 444 fe
135 407 226 455 (1).

125 475 210 514 Nec
241 473 368 513 mitior
394 485 479 523 erga
513 471 727 511 Bohemiam
741 470 837 519 fuit,
867 471 906 510 in
934 473 1010 519 qua
1032 470 1186 520 regione

75 544 202 593 lingua
227 545 427 582 vernacula
452 555 473 581 a
499 543 697 582 Methodio
734 551 771 581 et
808 542 986 591 Cyrillo,
1015 541 1186 581 Slavoni-

73 625 199 653 carum
225 614 393 662 gentium
417 612 600 661 apostolis
617 640 630 660 ,
647 613 764 661 (863)
790 611 828 650 in
841 612 1040 650 Sacrorum
1057 610 1191 651 Chris-

75 684 260 722 tianorum
297 684 403 721 cultu
438 682 658 720 celebrando
683 681 838 720 inducta
878 680 1029 729 fuerat3
1057 691 1188 720 verum

77 754 175 792 enim
194 764 283 792 vero
311 752 423 801 huius
439 751 602 800 regionis
625 751 786 799 incolae,
816 752 916 790 hunc
942 760 1081 789 morem
1106 749 1196 788 reti-

78 832 231 871 nentes,
255 822 360 862 aliam
382 822 480 861 viam
503 833 545 860 ac
579 821 741 860 Romani
767 820 912 869 ingredi
947 820 1189 860 videbantur.

79 893 289 942 Gregorius
325 893 404 939 ita,
444 891 604 940 epistola
642 890 751 930 missa
768 918 781 938 ‚
808 890 1038 939 Wratis1a0‚
1073 890 1198 930 Bobe-

80 962 175 1002 miae
205 961 331 1010 Duci‚
359 960 533 1011 persuasit
566 961 728 1009 linguam
754 960 903 999 latinam
937 960 976 999 in
1000 961 1107 1000 cultu
1139 971 1201 1003 esa

80 1031 117 1070 se
145 1031 407 1071 restituendam
426 1059 439 1078 ‚
467 1058 500 1079 „
526 1041 573 1069 ne
587 1058 602 1078 ‚
626 1029 654 1068 st
676 1029 809 1079 religio
842 1030 1057 1069 Christiana
1080 1029 1128 1068 ad
1151 1029 1200 1068 li-

82 1129 116 1151 „
143 1102 299 1150 quidum
346 1100 494 1141 cunctis
539 1108 708 1150 pateret,
760 1099 859 1138 forte
894 1100 1121 1149 vilesceret,
1163 1107 1201 1138 et

83 1199 116 1220 „
142 1170 344 1221 subJaceret
377 1169 595 1219 despectui,
630 1178 695 1209 aut
723 1181 835 1218 prave
862 1169 1051 1209 Intellecta
1078 1181 1101 1209 a
1125 1173 1205 1208 meo'

85 1259 118 1290 5,
144 1240 335 1281 diocribus
362 1240 400 1279 in
438 1252 597 1279 errorem
630 1239 858 1279 induceret”
882 1239 965 1291 (2).

89 1322 94 1327 ·
135 1311 327 1351 Boleslaus
367 1310 545 1350 poloniae
595 1310 693 1360 (3),
742 1310 957 1350 Demetrius
994 1308 1203 1349 Russorum

88 1382 233 1428 duces,
269 1381 409 1429 aliique
430 1379 640 1429 superbum
685 1379 863 1430 Gregorii
895 1380 1059 1420 animum
1100 1378 1206 1420 varia

88 1451 373 1502 opportunitate
403 1451 544 1500 experti
581 1450 666 1490 sunt
704 1451 800 1500 (4);
828 1459 865 1490 et
891 1451 1069 1499 Salomo,
1095 1450 1208 1490 Hun-

90 1521 210 1571 gariae
235 1532 327 1569 rex,
361 1521 407 1558 ab
439 1532 484 1559 eo
518 1520 568 1558 ob
596 1520 854 1559 investituram
871 1549 886 1569 ‚
907 1521 953 1560 ab
979 1521 1207 1570 Imperatore

92 1600 304 1640 acceptam,
331 1590 443 1629 laesae
475 1577 676 1640 majestatis
708 1592 938 1640 apostolicae
960 1603 1072 1641 reus,
1099 1599 1137 1630 et
1160 1591 1208 1630 de

93 1661 187 1702 solio
218 1661 436 1700 deturbatus
456 1660 707 1700 declarabatur
736 1661 825 1712 (5).

1105 1730 1212 1772 Lon-

135 1848 191 1886 (ι)
210 1848 299 1885 Quod
324 1847 414 1878 valde
431 1849 554 1878 invitus
571 1847 731 1885 dolensque
750 1847 841 1885 fecit,
862 1848 908 1878 uti
928 1847 994 1886 ipse
1017 1847 1096 1879 dixit
1118 1849 1213 1880 Gre-

101 1905 260 1941 gorius,
284 1904 316 1933 in
345 1904 444 1940 Epist.
463 1904 534 1935 Lib.
555 1906 654 1941 vm,
675 1905 766 1940 epist.
786 1913 817 1939 3.

135 1962 191 1999 (a)
211 1962 348 1997 Ipfisfitna
374 1962 573 1997 Gregorii
597 1963 691 1991 verba
713 1969 754 1991 ex
769 1961 835 1997 ejus
852 1962 889 1991 ad
913 1962 1126 1998 wratislaum,
1152 1964 1214 1993 Bo-

101 2019 259 2048 hemorum
293 2025 417 2054 regem,
461 2017 594 2054 epistola
623 2017 782 2054 desumta,
821 2025 899 2053 quae
924 2025 971 2048 est
989 2038 1000 2055 ,
1038 2019 1108 2051 Lib.
1137 2020 1216 2056 vn,

102 2075 194 2112 epist.
219 2083 264 2106 ιι.
687 2077 692 2082 ”

121 2136 124 2139 ’
143 2131 198 2168 (3)
216 2131 313 2167 Epist.
334 2131 405 2161 Lib.
420 2131 470 2168 11,
490 2132 583 2168 epist.
597 2139 648 2167 73.

147 2188 204 2224 (4)
223 2188 319 2223 Epist.
345 2188 415 2218 Lib.
435 2189 488 2224 11,
507 2189 599 2224 epist.
621 2196 671 2228 74.

148 2245 203 2281 (⁵)
224 2244 297 2274 Vid.
336 2245 415 2274 Gre
427 2245 537 2280 gorii
575 2246 706 2282 epistola
741 2246 780 2275 ad
805 2245 973 2275 Salomonis
1007 2247 1157 2276 aemulum
1189 2252 1221 2277 et

110 2301 362 2338 consanguineum
377 2322 388 2339 ,
409 2303 559 2339 Geusam,
579 2310 656 2339 quae
674 2310 720 2332 cst
733 2323 743 2340 ,
763 2303 831 2333 Lib.
849 2303 878 2332 11
891 2322 903 2339 ,
922 2302 1014 2340 epist.
1032 2309 1082 2338 70·

621 2358 711 2399 Ga
