1560 2860
293 291 351 337 52
654 283 1040 332 ORATIO.

291 429 364 487 qui
392 418 703 471 carissimorum
742 424 824 468 sibi
863 423 1044 482 capitum
1079 423 1280 479 jacturam
1325 424 1413 470 do-'4v

291 508 404 558 lent,
466 503 691 547 Auditores
736 500 977 545 suavissima
1019 500 1149 556 ,erigat
1195 501 1413 564 persuasio¹

295 586 489 639 oportet,
519 578 570 622 iis
603 578 798 622 omnibus
816 609 828 630 ,
859 577 957 633 qui,
995 576 1114 620 sicuti
1151 576 1415 623 Christianos

297 657 445 709 decet,
486 654 663 699 vixerint
682 687 693 707 ‚
726 669 803 712 per
838 653 1065 711 gratuitum
1087 653 1167 697 Dei
1199 654 1412 706 favorem,¹

297 748 420 778 verae
453 731 558 776 vitae
597 730 759 774 initium
796 738 975 774 mortem
1009 744 1120 783 esse,
1153 737 1194 773 et
1228 730 1284 773 ad
1305 730 1415 776 bea-3

297 817 384 854 tam
405 807 760 852 immortalitatem
784 807 1099 867 percipiendam
1128 807 1237 851 viam
1261 821 1312 850 ac
1342 821 1413 852 sea

296 886 440 930 mitam
474 884 773 929 certissimam!
820 908 878 918 —
917 883 1075 927 Havete
1116 883 1270 941 igitur,
1318 882 1417 942 piae

297 963 588 1007 defunctorum
618 960 806 1003 animae!
833 959 1012 1003 Havete!
1040 959 1138 1016 Quo
1166 960 1253 1003 Vos
1282 959 1414 1003 abiis-

298 1040 380 1091 tis,
412 1050 462 1081 eo
493 1043 572 1081 nos
600 1035 808 1081 tendimus
832 1036 1021 1079 omnesl.
1189 1043 1192 1046 ’
1311 1044 1314 1047 ’

329 1194 557 1252 (Musices
583 1198 822 1234 concentus
832 1190 1044 1248 funebris
1070 1187 1410 1246 audiebantur.)=

355 1346 454 1390 Jam
498 1358 625 1398 vero,
656 1344 901 1388 Auditores!
947 1349 995 1386 ut
1033 1350 1193 1386 mentes
1223 1349 1418 1396 nostras,

301 1422 448 1467 laetari
489 1422 707 1480 gestientes
726 1452 738 1474 ‚
783 1420 838 1464 ad
879 1419 1018 1477 gaudii
1058 1433 1224 1463 sensum
1268 1419 1419 1463 remit-

299 1503 437 1543 tamus
462 1498 558 1542 licet
585 1505 626 1543 et
650 1497 841 1556 expedit!
873 1497 1004 1540 Multa
1025 1496 1133 1541 enim
1148 1528 1159 1549 ,
1178 1510 1285 1553 quae
1301 1496 1418 1539 faus-

301 1582 344 1618 ta
372 1573 495 1618 nobis
537 1573 788 1631 obtigerint‚
832 1572 979 1615 animis
1019 1586 1070 1616 ac
1097 1572 1299 1615 memoria
1336 1571 1421 1615 ha-

300 1650 446 1695 bemus
472 1650 708 1694 recolenda.
753 1650 963 1693 Nonnulla
986 1649 1093 1705 jam,
1126 1648 1277 1705 quibus
1300 1653 1420 1698 ama-,-

301 1741 350 1769 ra
388 1733 751 1785 temperarentur,
793 1726 1015 1783 attigimus.
1102 1727 1258 1770 Verum
1296 1727 1421 1784 longe

297 1803 422 1863 plura
450 1803 576 1847 nobis
609 1803 883 1847 memoranda
923 1810 1174 1862 supersunt,
1205 1817 1283 1848 nec
1317 1818 1423 1863 pre,-

302 1879 361 1923 tio
396 1880 502 1924 levia
545 1880 640 1932 illa,
683 1893 761 1923 nec
804 1893 978 1923 numero
1019 1895 1168 1938 pauca.
1247 1882 1419 1938 Quanto

304 1955 412 2000 enim
446 1970 523 1999 nos
566 1955 711 2000 dolore
748 1956 1079 2000 Beaufortii
1107 1972 1221 2001 mors
1263 1972 1422 2017 percu-

297 2033 376 2086 lit,
414 2040 532 2076 tanto
580 2047 658 2076 nos
699 2032 879 2090 gaudio,
936 2033 1274 2078 excellentissime
1328 2033 1423 2078 Ca*

304 2109 475 2169 pelli!
529 2109 665 2153 honos
711 2109 855 2153 refecit
895 2124 944 2153 ac
981 2111 1206 2164 recreavit,
1245 2112 1288 2154 in
1332 2112 1421 2166 Te,

304 2186 549 2245 optantibus
582 2185 734 2238 nobis,
778 2187 966 2232 collatus,
1027 2188 1192 2232 Nostris
1234 2189 1420 2234 omnium

293 2262 411 2308 votis
447 2276 497 2307 ac
545 2261 759 2307 desideriis
817 2263 1062 2308 Curatorem
1100 2264 1170 2309 Te
1219 2265 1419 2311 donatum

304 2354 423 2394 esse,
464 2346 504 2383 et
546 2339 614 2387 Tu
644 2339 819 2395 novisti,
849 2347 888 2384 et
929 2340 1056 2385 nobis
1095 2340 1207 2387 dictu
1234 2341 1421 2388 incredi-

1349 2417 1421 2462 bi-
