1524 2850
419 252 884 292 ORATIONEM.
1127 264 1193 292 101

99 364 147 403 sit
169 373 251 401 esse
272 362 435 401 solennis
461 370 693 409 conventus,
721 373 828 410 quam
853 361 913 399 hic
937 369 1065 399 nostro
1086 359 1197 398 fuerit

99 432 293 481 Collegae!
331 454 385 463 -
420 432 500 469 Nec
535 442 635 479 spem
678 443 790 469 meam
838 441 990 470 eventus
1037 430 1192 469 fefellit:

97 503 195 551 apud
218 514 288 540 nos
310 501 405 539 enim
432 512 572 539 manere
603 503 754 549 maluit,
785 513 893 549 quam
917 502 1059 539 alteram
1086 513 1197 539 occu-

97 583 182 621 pate
217 572 460 619 Cathedram,
493 571 562 608 Vir
595 571 880 610 laudatissimus.
940 572 1053 621 Quod
1089 583 1198 619 quam

98 650 239 691 gratum
270 641 341 680 sibi
367 650 465 679 esset
497 651 533 678 et
551 642 754 690 jucundum
772 669 784 688 ,
813 640 1102 679 luculentissime
1136 643 1199 680 de·

98 714 351 751 monstrarunt
382 711 597 750 Academiae
626 712 827 749 Curatores
867 719 902 749 et
934 710 1122 757 studiosi,
1163 720 1198 749 et

97 782 170 831 ipsi
189 782 295 820 etiam
319 781 537 829 amplissimi
562 780 664 819 urbis
677 781 933 829 Magistratus.
962 780 1051 818 Vid.
1067 778 1200 818 Calen-

98 851 249 891 darium
276 850 529 890 Studiosorum
564 850 839 899 Rheno-Traj.
871 862 905 888 a.
936 852 1055 899 1831,
1086 861 1123 898 p.
1153 859 1201 899 91

102 932 189 969 sqq.
239 921 400 960 Eandem
427 932 524 964 rem,
553 921 661 958 nobis
687 921 860 959 omnibus
885 922 1036 967 laetam,
1062 928 1102 958 ut
1134 931 1198 959 vo-

102 1001 222 1029 veram
254 991 448 1038 equidem,
486 990 523 1027 in
554 988 685 1028 faustis
714 991 926 1028 Academiae
959 990 1044 1028 fatis
1077 1001 1203 1029 nume-

102 1070 179 1098 rare
199 1059 320 1107 potuit
339 1059 614 1104 numeravitque
637 1059 832 1107 Remotis,
862 1060 925 1108 qui
949 1060 1036 1098 mihi
1057 1071 1202 1099 succes-

102 1129 181 1176 sit,
205 1128 395 1177 Magnifici
417 1128 551 1166 oratio.

153 1261 253 1311 Pag.
282 1265 345 1311 58.
373 1263 467 1312 (38)
497 1263 746 1304 Hermann
763 1278 816 1304 us
843 1266 1040 1314 Gunst,
1068 1266 1204 1316 VirJ‘u-

103 1330 208 1370 venis
223 1333 485 1378 doctissimus,
515 1334 578 1381 qui
598 1335 762 1372 eximiam
778 1364 791 1378 ‚
819 1348 926 1384 quam
961 1336 1038 1378 sibi*
1057 1348 1207 1385 compa·

105 1413 268 1448 raverat,
298 1404 510 1442 Matheseos
541 1406 703 1453 peritiam
725 1406 798 1455 jam
825 1408 869 1443 ad
894 1407 985 1444 alios
1019 1407 1207 1445 docendos

105 1472 313 1511 felicissime
332 1473 717 1523 conferreinceperat,
731 1477 770 1515 d.
790 1488 834 1524 17
848 1488 896 1514 m.
911 1477 1004 1526 Maji
1027 1488 1061 1515 a.
1083 1478 1125 1514 18
1133 1464 1204 1525 32,

107 1553 174 1581 sex
196 1551 230 1581 et
252 1544 381 1591 viginti
408 1556 524 1582 annos
545 1554 679 1591 natus,
704 1546 797 1582 diem
823 1557 930 1583 suum
955 1546 1062 1585 obiit.
1116 1546 1204 1596 Quo

106 1614 187 1662 ejus
217 1614 365 1652 decessu
394 1625 557 1662 magnam
592 1616 733 1662 cepisse
767 1616 941 1664 jacturam
975 1616 1204 1664 disciplinam

107 1682 401 1721 Mathematicam
417 1711 431 1731 ,
449 1684 601 1733 judices
624 1685 745 1723 idonei
767 1694 932 1724 censent.

156 1818 254 1868 Pag.
284 1829 345 1868 59.
374 1819 468 1870 (39)
493 1821 638 1860 Horum
665 1821 857 1861 clarissimi
880 1824 1053 1872 Collegae
1086 1824 1203 1862 nostri

107 1888 265 1928 filiorum
302 1892 413 1938 alter,
451 1891 556 1939 isque
588 1901 676 1930 natu
709 1894 822 1942 major
832 1921 845 1940 ,
882 1893 920 1930 H
934 1905 952 1930 e
965 1904 982 1931 r
993 1881 1027 1930 m
1041 1905 1059 1931 a
1073 1905 1096 1931 n
1110 1905 1134 1931 n
1147 1905 1170 1931 u
1184 1905 1203 1931 s

107 1960 380 2009 Florestan
407 1962 652 2000 Francisc
670 1974 726 2000 us
760 1963 1026 2010 Suerman‚
1055 1975 1138 2001 cum
1160 1974 1205 2017 eie

109 2030 237 2069 militia
262 2032 491 2079 voluntaria,
520 2044 655 2080 quam,
684 2045 755 2087 uua
790 2045 874 2072 cum
908 2033 1017 2073 fratre
1043 2046 1111 2082 pro
1139 2034 1208 2073 Pa-

110 2100 180 2138 tria
209 2101 448 2149 capessiverat
461 2128 474 2146 ,
514 2101 708 2150 rediisset,
745 2112 780 2142 et
807 2106 879 2153 jam
917 2105 963 2143 ad
1000 2105 1205 2153 studiorum

109 2171 419 2220 academicorum,
446 2174 640 2211 admodum
665 2174 890 2212 laudabiliter
912 2184 1103 2222 actorum,
1130 2185 1205 2212 me·

111 2249 185 2279 tam
203 2242 414 2281 accessisset
428 2270 441 2290 ,
462 2244 500 2284 d.
513 2246 536 2281 6
549 2255 598 2280 m.
616 2244 741 2282 Martii
767 2256 802 2282 a.
822 2247 941 2293 1832,
961 2256 1095 2283 annum
1109 2253 1207 2283 aeta·

112 2309 160 2350 tis
174 2320 282 2359 agens
303 2312 470 2359 quintum
495 2321 531 2351 et
554 2314 768 2363 vigesimum
784 2342 798 2364 ,
814 2315 965 2354 moestis
985 2325 1130 2365 ereptus
1144 2325 1200 2352 est

1141 2384 1208 2422 Pa-
