1560 2860
318 295 377 341 42
677 293 1064 340 ORATIO.

317 434 542 489 edidisset,
579 435 809 479 communis
849 433 951 478 boni
971 434 1127 488 instar,
1158 441 1199 480 et
1228 434 1428 482 indoctae·

312 512 428 573 plebi
453 511 719 557 traderentur
752 519 793 556 et
836 511 1081 558 acutissimis
1124 511 1418 571 Philosophis;

310 597 438 647 atque
473 597 520 634 ut
557 604 607 634 ex
636 589 784 633 eodem
815 588 922 634 adeo
958 589 1100 642 fonte,
1132 602 1181 633 ex
1208 602 1295 646 quo
1318 589 1419 634 lim-

309 665 571 727 pidissimam
609 680 750 710 rerum
778 664 1009 710 divinarum
1038 664 1316 724 cognitionem
1355 668 1419 709 il-

307 747 356 789 la
386 742 598 796 hauriret,
644 745 812 786 horum
848 756 1017 800 quoque
1058 741 1213 786 hortuli
1261 741 1416 801 irriga-

306 826 464 864 rentur.
490 840 547 853 —-
589 819 654 863 Ita
683 833 783 863 vero
812 818 1039 863 certissime
1066 817 1200 862 Vobis
1230 816 1417 862 Historia

301 896 611 956 persuadebit,
663 894 692 941 J
703 910 802 940 esu
855 894 1077 939 Christi
1122 893 1371 938 Doctrinam
1398 923 1414 947 ,

306 988 415 1031 quae
456 987 508 1018 ex
554 973 760 1025 obscuro,
808 985 946 1027 neque
981 972 1064 1014 ulla
1095 971 1304 1014 humanae
1339 984 1416 1014 sa-

303 1048 485 1109 pientiae
520 1049 611 1094 luce
644 1049 885 1092 collustrato
904 1079 917 1100 ,
957 1054 1094 1091 terrae
1130 1047 1280 1105 angulo
1304 1059 1416 1106 pro-v

301 1126 412 1171 fecta
450 1132 563 1182 erat3
595 1139 702 1182 quae
735 1137 835 1168 vero
856 1137 936 1182 per
958 1121 1208 1181 placitorum
1236 1123 1288 1167 de
1315 1122 1413 1167 Deo

296 1202 624 1263 praestantiam,
673 1203 865 1258 priores
906 1198 1205 1258 Philosophiae
1248 1198 1414 1244 Heroas

297 1278 460 1323 infinito
479 1277 691 1337 superavit
713 1277 952 1331 intervallo,
981 1290 1171 1333 quaeque
1194 1289 1279 1320 una
1289 1292 1409 1332 pos-

300 1357 546 1399 terior-ibas
582 1354 637 1398 ad
668 1353 894 1412 sapientiae
927 1367 1067 1398 arcem
1098 1353 1412 1397 eseendendam-

297 1434 432 1476 facem
471 1431 693 1490 praetulit3
723 1453 775 1462 —-
805 1430 942 1483 hanc,
969 1430 1167 1487 inquam,
1202 1429 1402 1474 Chris-

294 1508 340 1552 ti
383 1507 632 1553 Doctrinam
677 1506 827 1551 nullius
861 1506 1031 1551 humani
1077 1506 1233 1565 ingenii
1273 1507 1398 1550 filiam

293 1584 446 1636 fuisse,
477 1583 552 1628 sed
579 1588 812 1626 coelestem
849 1583 1051 1627 exstitisse
1088 1590 1128 1626 et
1152 1582 1274 1627 unice
1302 1585 1396 1625 Di-

293 1664 444 1707 vinam
482 1661 568 1706 veri
598 1660 796 1705 Nuntiam
820 1674 869 1704 ac
892 1659 1156 1718 Magistram!

721 1990 963 2016 *πίω

1290 2465 1379 2495 RE-
