1560 2860
496 254 884 302 ORATIO.
1213 250 1245 301 ’7

131 396 257 441 tantis
295 394 454 443 Vestris
505 408 556 439 ac
590 400 677 438 tam
723 392 1012 439 constantibus
1051 392 1240 438 discendi

128 473 275 518 studiis
321 487 399 532 ego
435 472 628 516 docendo
671 471 773 516 satis
820 471 944 529 digne
981 469 1238 529 respondere

125 550 297 610 possim.
358 550 408 594 Id
446 564 545 594 vero
583 548 686 593 mihi
721 549 843 602 volo,
892 555 939 592 ut
977 562 1026 592 ex
1066 546 1238 604 hujusce

125 626 272 680 studii,
305 626 482 686 exempli
509 626 604 670 loco
628 625 778 685 positi,
809 624 1122 685 praedicatione
1146 624 1236 667 laus

78 718 83 721 ’
125 703 361 749 efflorescat
388 702 565 748 instituti
597 702 846 755 academici,
878 702 991 759 quod
1011 700 1045 746 si
1068 700 1237 745 deside-

121 787 317 834 raretur,
349 795 562 838 nunquam
602 780 646 823 in
689 779 799 823 hanc
836 778 1022 823 discendi
1058 784 1128 821 aut
1153 777 1237 820 do-

121 847 243 901 cendi
277 857 386 902 viam
426 856 618 916 perducti
662 855 896 900 fuissemus.
969 853 1098 912 Quod
1135 852 1236 897 reli-

122 948 249 989 quum
280 941 362 986 est,
393 933 610 978 brevitatis
638 933 862 977 sectandae
894 931 1100 976 desiderio
1128 931 1236 974 duc-

120 1015 213 1063 tus,
245 1009 447 1054 adstricto
483 1009 644 1068 magis,
676 1024 801 1066 quam
848 1009 1023 1068 copioso
1070 1007 1237 1052 dicendi

119 1099 270 1142 genere
295 1093 402 1130 utar.
465 1085 512 1130 Si
547 1093 685 1129 autem
711 1085 847 1129 minus
873 1086 1082 1145 probatae
1114 1084 1235 1129 Lati-

118 1159 259 1205 nitatis
312 1162 518 1206 vocabula
558 1162 763 1218 quaedam
797 1162 841 1204 in
873 1162 953 1205 hac
991 1163 1136 1206 caussa
1167 1175 1234 1206 me

118 1245 390 1296 usurpantem
429 1238 662 1292 audieritis,
703 1239 748 1281 id
786 1238 1009 1297 perspicue
1063 1238 1236 1282 dicendi

116 1314 286 1358 conatui
306 1314 470 1374 potius,
498 1331 622 1373 quam
649 1315 910 1374 ignorantiae
929 1316 1052 1371 vitio,
1081 1315 1232 1362 Vestra

114 1390 272 1436 tribuat
297 1391 534 1436 humanitas
566 1399 606 1437 et
632 1391 821 1449 aequitas
843 1393 972 1450 rogo!

169 1622 258 1676 Ea,
312 1638 439 1680 quam
493 1623 693 1677 diximus,
734 1624 919 1668 Historia
954 1632 994 1669 et
1033 1626 1229 1668 hominis

114 1702 415 1756 cognitionem
459 1703 585 1743 nobis
636 1704 847 1757 impertit
858 1721 879 1754 ,·
923 1708 964 1745 et
1009 1702 1229 1744 Philoso-

109 1779 272 1832 phiam
311 1781 365 1819 de
395 1779 529 1820 rebus
557 1779 741 1821 Divinis
775 1779 1097 1821 saluberrimis
1128 1794 1228 1820 mo-

109 1857 307 1897 'deratur
333 1858 533 1898 consiliis
549 1874 570 1908 ;
601 1862 642 1899 et
670 1857 918 1908 Divinam,
952 1872 1066 1912 qaae
1091 1871 1228 1897 mem-

113 1934 223 1974 dum
252 1936 473 1976 moralem
502 1936 651 1988 regit,
683 1936 1036 1977 Providentiam
1073 1934 1227 1974 admi-

40 2032 46 2040 ·
114 2011 220 2050 rari
261 2012 389 2051 docet
405 2030 426 2062 ,·
457 2017 498 2054 et
527 2012 704 2053 Christi
731 2014 786 2052 cle
812 2012 914 2052 Deo
946 2011 1226 2051 Doctrinam

111 2089 269 2141 magni
284 2090 552 2142 faciendam
578 2090 874 2130 commendat.
934 2085 1051 2144 Quas
1081 2085 1224 2129 laudes

113 2159 149 2201 si
188 2160 277 2216 jure
319 2177 387 2207 me
438 2163 495 2206 illi
536 2164 733 2209 tribuisse
782 2163 1038 2216 constiterit,
1096 2176 1222 2206 nemo

113 2234 364 2292 quisquam,
395 2240 588 2294 confid0‚
621 2239 828 2300 egregiam
873 2254 964 2284 eam
996 2237 1225 2297 sapientiae

112 2309 275 2357 Ducem
307 2328 395 2360 esse
422 2316 603 2376 negabit.

1156 2388 1224 2432 Ad
