1483 2860
261 278 319 315 118
482 267 1162 319 COMMENTATIO

269 384 349 429 dire
372 393 393 422 a
417 383 545 434 pueris
567 381 687 432 probe
702 380 828 423 edocti
846 379 945 421 sunt.
972 378 1143 428 Bellum,
1166 379 1270 429 quod
1295 379 1334 421 G
1349 390 1395 419 u-

273 454 413 492 lielm
429 465 453 492 u
467 464 485 491 s
506 452 657 502 gerebat
679 453 791 500 longe
815 450 914 489 aliud
938 459 1031 490 erat.
1072 449 1265 498 Tempora
1289 458 1394 490 erant

274 521 508 571 tristisfimag,
541 522 686 561 bellum
717 520 913 571 gerebatur
950 531 1030 559 non
1060 529 1205 560 tant-um
1232 531 1304 569 pro
1333 531 1400 569 pa-

275 593 346 636 tria
379 601 415 631 et
445 604 516 641 pro
538 591 707 631 libertate
733 591 864 639 civili,
891 603 1024 631 verum
1047 590 1160 630 etiam
1186 601 1258 639 pro
1283 588 1398 628 liber-

277 671 354 703 tate
390 661 534 701 morali.
602 661 857 703 Gulielmi
898 661 1111 709 exercitus,
1153 660 1404 707 undecunque

278 733 462 771 collectus
489 739 566 770 erat
587 742 633 773 ex
658 730 876 770 hominibus
891 759 905 779 ‚
935 739 1044 779 gente
1058 759 1071 780 ,
1089 730 1259 769 moribus
1274 758 1287 778 ,
1313 739 1408 769 con·

279 801 402 850 filiis,
437 802 591 841 omnino
627 800 809 850 diversis,
837 801 1012 842 omnibus
1049 809 1173 840 tamen
1211 799 1408 849 Hispano·
1473 815 1483 851 ,3

281 884 364 913 rum
390 880 427 910 et
450 871 887 916 Romano-Catholicae
909 869 1100 919 religionis
1126 870 1217 913 odio
1237 871 1325 919 plus
1349 881 1412 908 ae·
1479 855 1483 883 ³

283 954 364 991 quo
399 940 737 999 conflagrantibuS.
799 940 1046 989 Accedebat,
1077 940 1182 989 quod
1208 940 1414 980 Guliel-
1478 947 1483 974 ff

282 1023 388 1054 mus
414 1012 597 1061 pecuniae
633 1020 669 1051 et
696 1011 821 1050 victus
854 1011 1009 1060 penuria
1036 1010 1262 1060 laborabat3
1298 1022 1414 1059 quare
1479 1015 1481 1017 ’

282 1082 444 1121 militum
477 1082 668 1121 avaritiam
706 1082 853 1131 explere
890 1093 1097 1130 eorumque
1134 1079 1333 1130 praedandi
1376 1088 1414 1119 et

282 1153 491 1202 populandi
535 1152 750 1203 cupidinem
784 1152 981 1200 reprimere
1017 1152 1122 1190 nullo
1159 1159 1270 1200 pacto
1306 1158 1416 1199 pote-

284 1232 356 1269 rat.
410 1224 518 1274 Quae
551 1235 667 1271 quum
694 1224 745 1261 ita
781 1222 880 1270 lint,
915 1232 993 1260 non
1021 1229 1105 1268 est,
1142 1221 1246 1269 quod
1277 1220 1344 1258 hac
1372 1219 1412 1264 in

287 1305 329 1333 re
367 1293 412 1333 de
446 1293 700 1332 Gulielmi
737 1292 933 1341 prudentia
959 1291 1173 1329 dubitemus
1194 1319 1208 1340 ‚
1235 1290 1417 1329 militum-

289 1375 363 1412 que
392 1362 564 1402 saevitiae
595 1364 743 1412 culpam
775 1363 813 1401 in
850 1374 934 1401 eum
960 1371 1164 1400 vertamus.

339 1434 489 1472 Interim
525 1434 564 1471 in
597 1433 799 1471 Hollandia
837 1433 960 1470 eadem
993 1431 1267 1480 protervitate,
1306 1431 1418 1470 male·

289 1505 454 1543 volentia
484 1513 521 1542 et
555 1504 687 1554 agendi
725 1503 879 1541 libidine
918 1501 1055 1547 milites
1093 1503 1138 1540 ad
1176 1499 1418 1550 injnstisfima

289 1586 460 1623 quaeque
499 1574 664 1613 facinora
698 1573 1000 1622 impellebantur.
1051 1572 1204 1623 Quibus
1233 1557 1353 1610 malis*
1374 1579 1419 1610 ut

291 1645 552 1694 prospiceret,
599 1646 786 1683 decretum
828 1641 1052 1692 interposuit
1094 1644 1128 1680 G
1146 1642 1418 1691 ulielmus‚

296 1717 401 1763 quod
433 1726 590 1764 poenam
617 1715 810 1763 capitaiem
843 1712 1018 1756 omnibus
1045 1711 1310 1762 minitabatur,
1355 1711 1422 1761 qni

297 1787 401 1827 cives
418 1815 432 1834 ,
458 1788 518 1827 vel
546 1785 748 1825 canonicos
768 1784 902 1834 injuria
929 1783 1114 1822 afficerent
1135 1794 1314 1821 eorumve
1351 1782 1422 1821 bo:-

301 1867 350 1896 na
386 1864 558 1904 raperent
595 1857 680 1905 (1).
748 1854 839 1904 Quo
864 1853 1003 1892 certior
1039 1861 1152 1900 atque
1183 1852 1327 1890 firmior
1359 1853 1425 1892 fie-

301 1935 359 1969 ret
387 1926 612 1976 reipublicae
625 1925 767 1972 status,
797 1923 1095 1963 Gulielmus
1130 1933 1215 1960 cum
1235 1922 1423 1962 Ordinum

300 1996 435 2045 legatis
467 1995 618 2035 consilia
648 1995 732 2033 iniit
761 2003 795 2032 et
821 1993 1027 2041 expendit,
1068 1992 1160 2040 quid
1196 1991 1290 2053 esset
1315 2003 1426 2043 agen·
1468 2047 1471 2050 Α

303 2067 391 2106 dum
409 2094 423 2114 ‚
452 2078 531 2115 quo
555 2065 775 2105 Holiandiae
790 2066 871 2114 J'ura
894 2072 1042 2101 vetusta
1067 2075 1109 2101 ac
1127 2063 1321 2112 privilegia
1342 2072 1430 2103 tue-a
1471 2068 1473 2071 '

262 2141 265 2143 ’
306 2145 463 2184 rentur,
515 2145 553 2175 et
593 2148 673 2185 quo
723 2134 932 2175 Ordinibus
979 2133 1186 2174 satisfieret.
1256 2133 1426 2173 Tandem

1324 2214 1426 2243 man-

284 2285 299 2305 ”
344 2307 399 2344 (ι)
419 2305 491 2336 vta.
515 2307 611 2341 nor.
635 2306 696 2342 Op.
725 2306 747 2335 ι.
775 2305 846 2335 mh.
872 2305 930 2334 vi.
958 2295 1019 2332 rol.
1052 2309 1116 2338 290.
1141 2303 1182 2339 sq.
1209 2316 1247 2326 -
1275 2301 1442 2339 steort..-

305 2363 367 2400 ορ.
390 2365 412 2392 1-.
432 2370 500 2400 pag.
519 2372 585 2399 270.
607 2375 645 2385 —
668 2363 769 2392 Leaen
789 2369 850 2394 cet.
871 2363 910 2392 11.
928 2367 997 2397 paz.
1015 2369 1084 2396 300.
1357 2364 1361 2374 ’
