1483 2860
275 222 320 252 10
492 206 1156 250 COMMENTATIO

266 331 394 360 eorum
426 331 516 359 vero
553 317 791 367 praesentiam
832 317 871 356 in
902 314 1219 355 conventionibus
1232 340 1248 362 ,
1280 322 1378 362 quae

269 391 345 431 five
379 402 417 428 re
453 389 526 428 five
557 388 684 427 verbis
708 386 784 425 five
806 385 983 424 consensu
1009 385 1191 423 inirentur
1213 383 1379 433 require-

266 470 376 508 rent,
410 460 585 499 videntur
613 457 775 496 Romani
809 458 856 495 ab
895 455 1064 495 instituto
1101 454 1189 504 ipfis
1222 453 1379 503 proprio

269 532 316 570 ad
351 539 559 578 temporum
599 527 853 567 conditionem
893 527 1135 577 adjuvandam
1179 524 1381 574 processus-

265 601 319 640 se.
345 601 417 650 (1)
442 599 609 638 Tabulas
634 597 732 636 enim
758 596 978 636 domesticas
1007 608 1119 646 quam
1150 594 1383 635 accuratissi-

269 682 330 710 me
364 669 550 708 conficere
579 677 617 707 et
644 669 745 718 apud
773 667 957 707 Censores
983 667 1222 718 iureiurando
1243 664 1382 705 confir-

272 741 364 781 mari
399 740 592 780 curabant.
645 739 836 778 Docemur
859 750 880 778 a
913 738 1013 788 Gaj0
1042 737 1161 776 literis
1184 736 1264 776 fieri
1285 735 1386 775 obli-

266 812 480 862 gationem,
506 810 624 849 veluti
652 809 691 847 in
722 808 939 847 nominibus
977 807 1286 857 transscriptitiis.
1313 807 1385 855 (2)

269 883 332 923 Fit
365 890 488 920 autem
530 890 666 918 nomen
706 877 1031 926 transscriptitium
1067 876 1209 927 duplici
1242 878 1388 924 modo,

264 953 329 992 vel
355 963 376 990 a
402 962 441 989 re
467 951 506 988 in
531 948 749 998 personam,
776 948 837 986 vel
871 958 893 985 a
920 946 1076 996 persona
1106 947 1146 985 in
1175 945 1385 996 personam.

269 1022 452 1064 Debitum
488 1019 606 1069 igitur
640 1017 971 1057 transscribebatur
1009 1017 1048 1056 in
1085 1017 1215 1056 codice
1244 1016 1389 1066 accepti

271 1100 310 1133 et
336 1090 508 1141 expenfi,
535 1089 575 1128 in
599 1098 678 1137 quo
701 1087 802 1127 cives
825 1086 987 1126 Romani
1009 1096 1158 1137 accepta
1181 1095 1217 1126 et
1238 1095 1390 1137 erogata

267 1168 402 1205 notare
440 1160 621 1200 solebant.
675 1159 731 1198 Ita
769 1167 880 1197 vetus
912 1158 1080 1197 debitum
1119 1168 1187 1206 per
1223 1156 1388 1196 solennia

270 1233 383 1272 verba
419 1240 456 1270 et
488 1230 706 1279 scripturam
738 1227 965 1268 subsecutam
1004 1227 1044 1266 in
1078 1227 1192 1266 alium
1227 1226 1391 1266 credito·

270 1315 351 1344 rem
407 1300 678 1340 transferebant
695 1326 710 1346 ,
760 1309 797 1337 et
850 1297 1059 1336 difficultati
1105 1297 1386 1346 obveniebant;

273 1384 358 1414 nam
399 1372 597 1410 Romanus
643 1369 682 1408 in
727 1376 867 1406 remota
909 1367 1061 1416 regione
1100 1367 1238 1416 degens
1279 1369 1390 1418 cujus

271 1442 436 1483 creditor
469 1449 506 1479 et
540 1439 688 1479 debitor
732 1439 875 1477 Romae
913 1438 1157 1486 habitabant,
1195 1438 1390 1487 pecuniam

272 1514 389 1564 ipsam
421 1512 562 1552 solvere
597 1508 742 1548 necesse
767 1519 843 1546 non
873 1508 1055 1555 habebat,
1083 1508 1143 1546 sed
1169 1508 1391 1547 creditorem

272 1584 429 1636 jubebat
466 1582 506 1620 in
541 1580 685 1621 Codice
708 1580 775 1618 suo
798 1589 936 1617 nomen
962 1577 1124 1617 debitori
1146 1577 1213 1616 fuo
1238 1577 1394 1617 consen·

274 1654 383 1694 tienti
418 1652 615 1702 expensum
651 1650 762 1689 ferre.
816 1648 904 1687 Hoc
938 1647 1133 1692 dicebatur
1156 1646 1330 1699 delegare
1354 1657 1393 1687 et

267 1726 466 1774 sotutt'om‘s
491 1723 608 1762 locum
635 1730 775 1760 tencre.
801 1722 872 1768 (3)

329 1795 430 1833 Cum
462 1803 552 1829 vero
594 1790 634 1828 in
671 1789 749 1828 dies
776 1787 1030 1836 *negotiorum
1071 1796 1248 1825 numerus
1291 1797 1393 1826 cres-

271 1871 377 1914 ceret
401 1891 415 1911 ,
466 1860 692 1910 experientia
749 1858 905 1906 edocti,
958 1857 1109 1905 quantis
1166 1856 1395 1897 difficultati-

276 1933 352 1972 bus
383 1930 501 1971 ansam
540 1929 740 1989 praebebat
772 1926 895 1975 illud,
936 1927 1041 1975 quod
1079 1936 1156 1965 non
1194 1926 1263 1966 nisi
1300 1936 1393 1976 pau-

1337 1996 1393 2036 cis

317 2126 373 2162 (ι)
393 2124 461 2153 νίᾶ.
493 2123 676 2154 Rovers,
708 2120 881 2150 Commeat.
909 2120 946 2147 de
977 2119 1020 2147 M.
1051 2118 1087 2146 T.
1120 2117 1280 2147 Ciceronis
1310 2118 1392 2148 Orat.

276 2191 339 2221 pro
357 2183 398 2219 Q.
421 2182 516 2210 Rosc.
535 2178 729 2213 Comoecfio,
750 2185 828 2206 anno
854 2179 925 2206 1826
946 2174 1069 2205 defensa
1089 2183 1121 2210 p.
1144 2175 1259 2205 164⁶.

316 2240 373 2277 (ς)
389 2242 563 2267 comment.
586 2237 642 2264 111.
666 2240 731 2265 '28-

321 2298 375 2333 (3)
398 2296 447 2326 Cf.
468 2295 729 2330 Revers,1.1.
751 2302 782 2329 p.
807 2299 853 2326 τις.
