1483 2860
266 245 318 282 49.
502 236 1177 278 COMMENTATIO

268 343 546 393 perspicacitate
595 347 634 385 in
683 347 849 394 ingentia
900 347 1158 398 Inquifitionis
1199 349 1394 399 pericula,

266 425 306 455 et
356 418 485 456 damna
519 417 672 465 penitus
707 427 965 466 penetraverat
1012 430 1218 467 eorumque
1229 420 1386 469 Meque-

265 489 320 526 las
363 497 399 526 et
438 487 535 536 Regi
571 497 607 526 et
642 490 788 537 populo
821 491 994 528 exitiosas
1021 494 1095 541 jam
1136 490 1385 539 praeviderat.

263 556 398 604 Itaque
441 555 559 604 Regis
606 558 770 599 animum
810 559 963 597 flectere
1012 560 1152 608 eique,
1180 567 1224 598 ut
1260 571 1390 609 aspera

259 633 392 665 'contra
418 627 626 666 haereticos
656 629 802 668 decreta
839 630 1024 679 mitigaret
1065 629 1282 680 persuadere
1311 629 1387 668 sae·

255 697 411 746 ‚pisfime
441 708 602 738 conatus
629 709 713 749 est,
740 701 850 751 cujus
879 700 933 739 rei
960 703 1070 750 plura
1102 709 1235 751 postea
1261 710 1385 740 exem-

255 772 321 819 pla
346 773 549 813 trademus.

305 842 450 881 Interea
465 843 605 893 J‘udicia
620 871 634 892 ‚
660 843 800 891 quibus
824 843 981 882 haeresis
1007 843 1294 891 exstirparetur,
1316 841 1384 880 ali-

257 922 399 961 quanto
439 914 560 952 laxius
591 914 753 952 exerceri
782 923 1015 964 coeperunt;
1044 913 1179 962 partim
1218 912 1383 962 ipsorum

246 984 423 1035 Judicum
462 986 605 1034 culpa,
631 984 767 1034 partim
791 985 984 1023 communi
1017 984 1186 1022 omnium
1223 981 1384 1031 lnquifi-

250 1054 368 1094 tionis
403 1057 506 1095 odio.
585 1057 715 1096 Plures
753 1056 850 1095 enirn
890 1066 1094 1104 proceres,
1144 1065 1240 1102 quos
1284 1054 1382 1090 inter

251 1124 555 1165 Gulielmus
599 1135 637 1165 et
674 1127 984 1173 Hornanus,
1025 1124 1206 1172 fiquidem
1245 1131 1382 1172 poten-

249 1195 302 1233 tia
338 1197 461 1244 aliqua
481 1198 671 1245 valerent,
700 1208 769 1246 pro
795 1196 976 1234 damnatis
1011 1205 1293 1242 nonnumquam
1320 1193 1380 1230 in-

249 1267 488 1305 tercedebant
524 1269 609 1315 (1).
664 1268 772 1318 Quae
809 1278 895 1304 cum
936 1265 986 1303 ita
1014 1264 1161 1312 essent,
1189 1264 1264 1302 Ma
1278 1274 1382 1311 rga-

249 1336 351 1375 rita
377 1337 476 1375 Prid.
508 1337 695 1387 KaLJan.
730 1338 908 1376 Senatum
939 1334 1182 1374 convocavit.
1237 1333 1294 1371 lbi
1313 1333 1382 1371 Se·

250 1416 403 1446 natores
431 1408 580 1456 rogavit
596 1437 610 1456 ‚
638 1416 810 1446 ratumne
837 1406 930 1444 esset
959 1406 1016 1444 vel
1043 1416 1111 1452 per
1137 1403 1262 1442 literas
1289 1403 1378 1450 vel,

248 1479 354 1526 quod
380 1477 448 1516 fibi
479 1479 613 1517 melius
639 1477 864 1524 videbatur,
895 1487 963 1524 per
985 1476 1147 1523 legatum
1171 1473 1377 1511 haeretico·
1428 1483 1430 1485 ’

245 1559 328 1585 rum
383 1559 583 1586 numerum
635 1547 804 1596 quotidie
850 1546 1119 1584 increscentem
1138 1573 1151 1592 ,
1211 1544 1375 1594 J‘udicio-

245 1629 328 1655 rum
366 1617 498 1656 statum
543 1627 581 1656 et
634 1617 814 1667 pecuniae
855 1616 1043 1665 publicae„
1075 1614 1239 1663 inopiam
1275 1614 1375 1663 Regi

244 1686 469 1737 exponere?

1330 1754 1463 1794 Izn⁴

276 1846 688 1884 (1)Vid.110pperus‚
710 1850 768 1882 Op.
791 1849 814 1876 1.
835 1854 900 1883 pag.
925 1855 974 1882 39.
995 1859 1033 1867 --
1054 1842 1277 1880 Wag.1.1v.
1297 1845 1367 1879 pag.

240 1912 293 1941 99.
327 1905 461 1940 Burgu
480 1907 600 1938 udus,
623 1906 683 1941 Op.
705 1907 728 1934 1,
745 1912 813 1940 pag.
842 1913 876 1939 35
901 1902 954 1938 qui
981 1903 1062 1930 inter
1088 1901 1144 1930 ana
1162 1901 1374 1930 haecrefertz

241 1961 445 1992 Heni-icus
498 1962 798 1992 Brederodius
845 1968 876 1989 et
926 1958 1170 1987 Florentius
1212 1958 1367 1987 Pallan-

238 2019 333 2050 dius
361 2014 570 2049 Culembergii
597 2021 700 2043 comes
732 2012 859 2041 subinde
885 2009 976 2039 etiam
1005 2008 1151 2038 damnatis
1175 2010 1316 2045 aderant,
1336 2015 1369 2038 et

238 2078 258 2105 fi
276 2075 422 2112 possent,
451 2071 602 2108 supplicio
624 2069 830 2099 adimebant.”
851 2069 969 2097 Dubito
992 2075 1093 2097 tamen
1121 2074 1156 2096 an
1178 2067 1238 2095 hoc
1256 2068 1364 2094 verum

238 2135 293 2169 fit,
322 2131 466 2168 quoniam
499 2128 576 2159 nihil
602 2131 658 2158 hac
688 2130 725 2157 de
754 2136 786 2156 re
818 2128 897 2162 apud
925 2126 1002 2154 anos
1028 2125 1192 2160 scriptores
1220 2123 1366 2152 traditum

237 2190 380 2220 invenio.
420 2190 598 2223 Praeterea,
633 2186 867 2221 Burgundus
894 2192 910 2213 a
930 2182 1061 2220 partium
1079 2181 1176 2210 studio
1205 2181 1236 2210 in
1263 2179 1363 2209 omni-

238 2249 295 2278 bus
322 2247 402 2277 liber
430 2245 547 2275 nemini
573 2243 674 2274 videri
705 2246 831 2279 potest,
858 2241 1032 2271 cuinotum
1057 2247 1122 2275 εει,
1151 2246 1222 2268 eum
1245 2246 1284 2267 ex
1304 2236 1365 2266 Vi·

237 2305 319 2342 glii
360 2303 485 2336 schedis
525 2309 556 2332 et
597 2299 896 2336 Tissenacquii
922 2296 1171 2343 ;eomn3entariie
1211 2294 1367 2343 niqtqriam

237 2359 351 2401 (uam,‘
359 2369 416 2400 pro
438 2359 541 2397 magnit
565 2348 673 2397 parte,
694 2354 918 2395 conscripfisfe·.
1215 2347 1218 2353 '
