1483 2860
237 205 283 242 32
460 191 1118 235 COMMENTATIO

231 299 389 349 debant,
440 301 650 350 primarium
665 330 680 350 ‚
728 303 849 342 medio
893 298 985 344 saec.
1025 304 1108 351 XI,
1157 304 1334 345 tenebant
1386 346 1391 351 ,

227 372 368 410 locum.
443 371 654 419 Utriusque
689 371 804 421 igitur
839 373 944 423 regni
986 372 1153 412 conditio
1193 381 1230 412 et
1257 372 1333 414 fata

224 443 298 492 jam
332 441 442 480 nobis
471 441 554 480 sunt
582 444 791 493 enarranda.

278 511 401 560 Regni
426 512 580 561 gerundi
606 523 726 560 onus,
741 511 978 561 quodCaroli
1005 514 1127 564 magni
1151 513 1334 554 successo-

227 592 286 619 res
306 592 376 630 pro
398 580 461 619 sua
495 581 683 620 debilitate
715 583 814 621 haud
845 584 1002 632 amplius
1037 584 1215 624 sustinere
1243 597 1334 635 pos·

225 649 327 697 sent,
355 649 470 699 Hugo
511 651 677 700 Capetus
705 653 773 701 (1)
801 660 879 690 non
914 662 1056 692 tantum
1086 655 1239 702 levavit,
1273 653 1336 693 sed

225 719 408 768 probante
437 721 537 768 Papfi
564 728 685 759 totum
722 719 790 760 fibi
822 720 1016 762 ferendum
1049 723 1173 764 sumfit
1198 725 1332 774 (987)-

225 789 339 828 Hunc
370 790 436 837 qui
458 784 708 839 exceperunt,
731 791 923 831 Robertus
961 793 996 832 11
1030 794 1150 842 (996)
1174 802 1210 832 et
1231 794 1336 832 Hen-

224 860 326 898 ricus
352 860 370 898 I
400 861 578 909 (1031),
598 860 813 898 domesticis
843 869 969 915 atque*
990 861 1175 900 intestinis
1201 861 1334 900 litibus

223 928 398 984 impliciti
442 931 489 968 ad
532 930 677 979 imperii
717 929 946 979 splendorem
998 942 1127 979 parum
1166 931 1337 971 contule-

223 1008 314 1038 runt
339 1000 423 1049 (2).
491 999 676 1038 Henricus
715 999 747 1037 Ι.
787 999 926 1038 frustra
959 1000 1263 1039 Normannorum
1296 999 1337 1039 in

225 1068 352 1109 Gallia
384 1069 601 1114 occidentali
639 1069 943 1109 invalescentium
981 1068 1197 1119 progressus
1232 1068 1340 1107 cohi-

224 1140 314 1179 bere
349 1149 506 1180 conatus
539 1149 624 1189 est,
664 1139 711 1179 ab
745 1140 869 1189 iisque
899 1141 986 1189 plus
1020 1139 1128 1178 semel
1162 1139 1337 1189 profliga-

224 1216 289 1247 tus
305 1236 320 1258 ‚
368 1211 559 1250 Gulielmo
598 1210 828 1250 Debellatori
863 1209 1032 1259 (1045),
1072 1208 1215 1248 Galliae
1249 1220 1338 1257 pro-

225 1276 408 1323 vinciam,
437 1291 548 1327 quam
583 1279 628 1317 ab
655 1290 752 1317 anno
787 1280 861 1329 J‘am
897 1290 973 1327 912
1007 1277 1207 1322 tenebant,
1233 1275 1336 1312 Nor-

227 1347 484 1393 manniamque
505 1348 696 1392 dixerant,
722 1348 924 1382 concedere
948 1354 1099 1383 coactus
1123 1343 1212 1383 fuit.
1252 1344 1334 1383 Nee

225 1415 383 1456 feliciter
391 1415 507 1463 magis
523 1414 811 1453 emendationem
823 1443 836 1463 ‚
847 1426 956 1463 quam
971 1415 1216 1463 spectaverat,
1229 1415 1336 1463 cleri,

228 1486 420 1526 exsecutus
434 1494 504 1523 est.
533 1484 689 1522 Henrici
709 1484 1039 1533 filius‚Philippus
1055 1485 1097 1531 Ι,
1117 1484 1183 1532 qui
1210 1484 1306 1532 patri
1323 1512 1338 1532 ‚

228 1567 327 1595 anno
356 1557 484 1603 1060,
511 1553 796 1602 succedens,ad
809 1563 944 1593 annum
959 1564 1078 1601 usque
1095 1556 1187 1593 1108
1210 1565 1338 1602 regna-

229 1625 288 1665 vit
298 1655 321 1695 ,ἢ
345 1625 524 1664 diuturno
555 1625 627 1662 hoc
648 1623 859 1673 principatu
883 1623 1024 1672 magis,
1051 1635 1160 1672 quam
1176 1626 1338 1672 praecla-

228 1696 284 1735 ris
315 1695 448 1743 factis,
478 1694 664 1733 inclaruit.
717 1693 823 1732 Vidit
865 1694 962 1732 enim
997 1694 1228 1732 metuendam
1261 1696 1337 1744 jam

229 1765 412 1807 Gulielmi
440 1764 689 1805 Debellatoris
732 1771 953 1813 potestatem
985 1763 1090 1802 valde
1120 1765 1336 1812 adauctam,

235 1847 320 1876 cum
342 1837 432 1876 Dux
458 1835 520 1874 ille
542 1835 846 1874 Normannorum
872 1833 1044 1883 Angliam
1077 1834 1247 1884 (1067),
1272 1834 1341 1874 sub

1271 1916 1342 1944 tm-

246 2082 252 2086 ,
272 2041 328 2080 (1)
347 2041 439 2071 eonf.
461 2042 636 2075 Planek,
654 2048 721 2077 pag.
742 2048 798 2078 297
819 2041 903 2077 seqq.

272 2098 331 2136 (2)
350 2097 445 2134 Regis
473 2097 562 2131 huius
595 2105 663 2126 cum
696 2099 793 2133 Papa,
827 2097 995 2126 Benedicto
1027 2099 1067 2128 V.
1103 2097 1172 2128 lites
1200 2100 1238 2128 de
1266 2099 1339 2129 Ber-

237 2158 290 2186 ιὶιὲι
307 2163 406 2185 uxore
436 2154 615 2185 dimittenda
638 2155 704 2185 fuse
730 2155 861 2185 narravit
884 2156 1052 2192 Planck,
1081 2156 1104 2186 1.
1126 2164 1154 2186 c.
1174 2157 1249 2195 ΠΙ..
1267 2162 1337 2194 pag.

241 2223 291 2248 331
315 2214 399 2250 seqq.
