1483 2860
389 233 896 281 LITERAklm
1143 247 1194 291 ω

79 346 189 393 etiam
226 349 372 390 debuit.
399 348 722 401 Quemadmodum
747 346 845 387 enim
870 344 1040 397 famulo,
1062 346 1196 387 sceies.

80 430 121 461 ta
154 429 193 461 et
220 422 360 472 injusta
389 419 531 459 domini
540 437 551 450 «ι
568 418 738 457 mandata
764 417 949 467 negligere
972 424 1035 465 et,
1061 415 1127 455 ubi
1153 426 1197 456 ea

81 491 130 531 ab
160 491 245 531 aliis
286 490 416 542 perfici
449 488 569 538 vidit,
596 488 776 538 impedire
807 487 922 536 licet,
954 486 1006 525 ita
1044 496 1199 535 quoque

83 562 293 603 Albano
319 558 476 599 nefanda
499 558 692 608 facinora,
727 557 826 607 regis
860 555 1081 596 auctoritate
1114 566 1199 595 mu-

83 633 195 682 nito,
228 629 488 682 perpetranti,
526 626 706 669 obfistere
733 624 1005 667 Gulielmo
1041 624 1198 669 omnino

77 700 203 742 licuit.

135 772 261 812 Nemo
285 781 376 811 vero
412 777 521 822 putet
545 769 641 809 hanc
680 766 928 807 Gulielmi
966 764 1201 805 obedientiae

87 841 386 881 testificationem
428 849 573 880 tantum
612 837 815 878 fimulatam
862 835 994 876 fuisse.
1067 836 1203 876 Postea

92 912 192 951 enim
219 920 256 951 et
282 910 406 950 verbis
442 919 480 949 et
503 898 612 949 factis
641 902 784 958 saepius
809 908 994 957 praeclare
1014 906 1206 956 ostendit,

95 982 134 1022 se
173 988 316 1021 tantum
340 989 469 1020 contra
501 979 720 1028 Albani,
759 989 838 1017 non
864 989 955 1017 vero
981 977 1029 1016 ad
1062 977 1208 1027 regium

95 1053 293 1101 imperium
323 1052 562 1090 evertendum
595 1061 694 1089 arma
717 1047 933 1097 suscepisse.
986 1047 1115 1097 CuJ'us
1157 1046 1213 1087 rei

96 1122 163 1161 etfi
200 1123 346 1161 nullum
372 1121 474 1161 aliud
504 1123 550 1160 ad
579 1132 651 1159 nos
675 1118 903 1169 pervenisset
925 1118 1181 1157 testimonium
1196 1143 1214 1167 ,

99 1191 169 1232 nifi
209 1192 362 1231 libellus
405 1191 481 1241 (ι),
513 1202 625 1240 quem
655 1191 816 1239 Belgae,
862 1188 1132 1229 Gulielmo
1178 1193 1218 1227 et

99 1262 323 1303 Hollandiae
346 1260 552 1301 Ordinibus
578 1261 618 1302 in
644 1259 775 1310 primis
802 1257 1021 1298 auctoribus
1044 1268 1083 1299 a.
1108 1267 1221 1307 1573.

98 1333 349 1383 Philippo
398 1333 477 1382 regi
509 1331 714 1379 miserunt,
762 1327 823 1369 vel
862 1339 908 1367 ex
934 1328 1008 1367 hoc
1037 1327 1116 1367 solo
1143 1327 1221 1377 jam

103 1403 190 1443 satis
229 1411 354 1453 patere
394 1402 543 1452 posset,
597 1400 858 1442 Gulielmo
905 1397 1070 1437 animum
1115 1404 1223 1436 antea

106 1485 186 1514 non
221 1471 336 1512 fuisse
351 1501 364 1521 ‚
404 1472 546 1522 regium
570 1470 766 1521 imperium
791 1468 1006 1509 exturbare.

160 1545 374 1592 Antequam
389 1541 426 1581 se
443 1542 490 1581 ad
501 1553 600 1581 arma
621 1540 811 1581 convertit
830 1539 870 1580 G
885 1551 911 1577 u
927 1537 1021 1577 liel
1033 1542 1069 1575 m
1084 1542 1111 1575 u
1122 1541 1226 1585 §sta-⁶

109 1613 234 1653 tiones
256 1612 337 1651 suas
352 1612 471 1651 literis
485 1641 499 1660 ‚
513 1608 616 1661 typis
635 1610 929 1661 expresfis‚late
952 1606 1141 1656 exposuit:
1169 1606 1230 1645 in-

106 1691 164 1723 ter
181 1684 251 1722 alia
276 1683 392 1721 multa
411 1682 613 1720 testificans
627 1710 639 1730 ,
651 1681 687 1721 se
708 1679 898 1720 adsummi
920 1677 1086 1717 numinis
1105 1677 1229 1715 hono-

110 1766 205 1803 rem,
216 1752 321 1793 verbi
333 1751 450 1792 divini
464 1753 621 1802 eJ'usque
640 1751 902 1792 ministrorum
917 1747 1158 1789 reverentiam
1173 1756 1233 1785 re·

113 1825 240 1876 giique
252 1822 401 1875 imperii
412 1818 631 1874 dignitatem
644 1821 901 1862 vindicandam
921 1830 1020 1858 arma
1031 1813 1235 1866 suscepisse

1195 1890 1236 1924 et

159 2022 215 2061 (1)
235 2022 404 2053 Exhebitur
425 2024 504 2060 apud
532 2024 634 2059 Bor,
655 2022 716 2059 Op.
738 2023 762 2053 l.
784 2016 857 2053 Lib.
873 2015 929 2052 v'1.
949 2019 1007 2050 sol·
1025 2028 1093 2057 342.
1117 2018 1184 2055 sqq.
1205 2021 1239 2048 et

118 2081 200 2116 npud
225 2082 263 2110 A.
284 2080 418 2115 Kluit,
438 2080 674 2117 Inws‘jingsredo
698 2089 772 2109 over
786 2078 813 2108 't
840 2085 933 2116 regt,
960 2077 987 2106 'e
1006 2077 1084 2106 welk
1107 2076 1142 2105 de
1169 2075 1238 2104 Ne-

118 2138 300 2166 derlandere
313 2138 412 2175 gehad
428 2139 563 2174 hebben,
583 2147 628 2167 om
657 2138 778 2165 bunnen
799 2137 947 2172 muigen
970 2135 1065 2164 Vorst
1091 2142 1128 2161 en
1154 2132 1240 2160 Heu*

119 2192 302 2232 Philips,
323 2196 445 2232 Koning
461 2204 522 2244 ’'f''
542 2195 656 2232 Spania
673 2195 884 2232 oflezworen,
897 2191 1027 2228 basidem
1049 2196 1142 2229 1779.
1164 2187 1239 2224 pfl.-

123 2250 192 2287 lage
213 2251 256 2280 A.

656 2325 745 2365 Gn·
