1524 2850
361 293 895 340 ORATIO‘
1163 287 1194 339 9

63 434 160 478 tatis
176 466 187 484 ‚
231 439 319 477 tum
359 448 461 478 vero
498 449 695 493 magnam
725 442 891 494 partem
935 425 1189 494 navigationi

63 517 105 555 et
154 517 430 555 mercaturae.
506 510 613 555 Huic
655 512 822 556 favebat
860 512 1053 571 inprimis
1103 527 1191 572 paz-

62 587 169 631 triae
211 586 314 630 situs
329 619 342 640 ,
402 602 511 644 quae
548 587 737 646 undique
774 590 882 634 mari
923 590 1185 636 circumdata

59 662 384 720 fluminibusque
423 663 597 722 irrigata
616 698 627 718 ‚
670 666 819 711 incolis
857 667 1058 713 continuo
1099 683 1187 729 op·-

60 740 364 799 portunitatem
406 741 523 785 dedit
559 757 704 786 omnes
738 743 829 788 illas
858 746 1070 789 tractandi
1110 745 1186 790 ar-

57 824 123 861 tes
138 850 160 871 ,-
197 832 307 875 quae
346 833 414 862 res
452 819 642 865 nauticas
684 828 892 880 spectant.
953 823 1053 881 Quo
1088 825 1185 868 'fact

58 901 173 948 tum,
226 902 273 939 ut
309 895 391 939 illis
430 896 515 953 jam
556 898 820 957 temporibus
863 899 1014 944 Batavi
1044 890 1187 946 terra4

58 986 154 1014 rum
213 971 363 1015 orbem
423 972 853 1032 circumnavigarent‚
898 993 1028 1035 quum
1089 980 1185 1023 An·-

54 1048 222 1105 glorum
251 1063 378 1093 naves
408 1052 539 1108 'parce
561 1057 726 1096 tantum
766 1060 808 1096 et
850 1069 950 1097 raro
979 1055 1025 1099 in
1051 1057 1185 1100 mari-

56 1123 138 1168 bus
178 1125 445 1181 viderentur3
476 1134 524 1170 ut
564 1128 818 1186 longinquas
863 1131 1008 1177 Indiae
1039 1128 1184 1191 regm-v

55 1216 131 1246 nes
171 1201 372 1261 Hispanis
413 1203 624 1263 eriperent
655 1205 821 1264 sibique
860 1208 1181 1265 submitterent3

53 1278 244 1323 colonias
285 1279 498 1324 mitterent
529 1280 574 1324 in
614 1296 761 1326 omnes
801 1291 972 1343 partes,
1018 1294 1058 1330 et
1083 1288 1183 1330 lon-

19 1371 106 1415 .ge
144 1357 310 1414 lateque
354 1372 435 1417 per
468 1359 638 1403 ,orbem
682 1367 906 1415 terrarum,
938 1377 1033 1406 cum
1072 1370 1185 1408 'auc-

0 1460 3 1466 -
52 1433 221 1479 toritate
261 1425 598 1491 invalescerent,'
617 1443 706 1481 tum
746 1453 830 1482 una
867 1452 962 1486 cum
999 1440 1081 1485 fide
1112 1443 1182 1486 fa-

53 1526 166 1555 mam
208 1513 487 1570 acquirerent.
1167 1524 1171 1526 ’

46 1635 49 1638 ,
109 1588 289 1633 'Multum
331 1604 431 1633 sane
473 1606 498 1634 a
545 1593 711 1637 florenti
753 1601 793 1638 et
835 1595 1074 1641 felicissima
1110 1590 1180 1642 illa

49 1665 215 1726 patriae
255 1667 498 1714 conditione
529 1667 676 1713 differt
703 1669 934 1717 hodiernus
963 1673 1050 1731 ejus
1087 1682 1181 1719 sta-

45 1751 131 1789 tus.
194 1744 315 1788 Hanc
341 1744 450 1789 enim
479 1745 525 1788 in
550 1761 641 1790 eam
672 1747 912 1794 habuerunt
938 1749 1022 1795 vim
1053 1767 1181 1811 mag-

51 1835 202 1865 narum
243 1837 384 1865 rerum
425 1823 802 1878 commutationes,
860 1841 965 1883 quas
1004 1827 1180 1888 Europa

48 1908 128 1958 per
143 1899 222 1944 hos
251 1899 557 1958 quinquaginta
580 1913 717 1945 annos
743 1902 900 1956 subiit,
932 1910 979 1948 ut
1007 1919 1179 1950 merca-

28 1982 145 2019 .tura
183 1976 411 2020 identidem
441 1977 758 2023 imminueretur
783 1987 824 2024 et
847 1980 1086 2027 uberrimus
1109 1983 1180 2028 ille

43 2052 288 2097 divitiarum
344 2061 385 2098 et
436 2055 698 2100 auctoritatis
737 2057 832 2101 fons
888 2066 1177 2118 exaresceret‘3

47 2129 161 2182 imo,
182 2130 386 2180 horribile
413 2131 553 2176 dictu!
583 2133 762 2187 accidit,
790 2142 836 2178 ut
864 2135 1179 2182 Bataviaerno'-

40 2219 144 2249 men
169 2206 277 2251 inter
301 2215 443 2266 gentes
458 2241 469 2262 ‚
499 2209 534 2253 si
560 2210 812 2269 longinquas
834 2213 1047 2273 Japoniae
1074 2223 1174 2263 ora's
1232 2235 1234 2237 ·
1256 2232 1258 2234 ’

36 2282 260 2344 excipias,
286 2285 352 2330 vix
380 2286 665 2333 celebraretur
702 2289 896 2350 amplius.
932 2292 987 2336 Et
1017 2309 1172 2351 quam-

1119 2386 1181 2416 vis
