1483 2860
254 215 302 254 32
473 201 1139 245 COMMENTATIO

249 311 364 351 tionis
388 323 496 361 quam
511 312 698 351 contrahit
720 323 792 350 una
818 323 900 360 pars
916 340 930 360 ‚
957 310 1032 349 esse
1055 310 1116 360 id,
1147 311 1250 359 quod
1273 311 1361 349 alte-

248 394 288 421 ta
326 384 412 429 dat,
439 392 502 421 aut
529 383 564 420 se
601 383 741 430 obligat
779 382 889 428 dare,
929 390 993 420 aut
1019 381 1225 430 periculum
1256 381 1361 430 quod

248 451 416 502 suscipit.
471 452 514 489 In
540 454 726 501 gratuitis
757 462 845 490 vero
871 450 976 489 causa
1002 450 1138 492 dicitur
1164 450 1362 488 liberalitas

252 533 362 571 quam
387 523 478 573 alt-er
511 532 596 569 erga
618 521 771 559 alterum
798 532 965 559 exercere
987 521 1083 559 vult.
1137 520 1255 569 Igitur
1278 531 1365 558 cau-

251 591 287 630 sa
319 599 375 629 est
401 593 460 629 vel
481 591 677 639 utriusque
701 590 814 638 partis
840 588 1039 636 interesse,
1066 589 1125 627 vel
1145 599 1217 627 una
1240 600 1362 627 earum

248 660 462 700 liberalitas.
516 661 654 699 Utrum
693 660 798 698 causa
831 660 920 697 haec
957 658 995 696 in
1036 658 1284 697 conventione
1321 657 1366 696 sit

253 731 421 781 expressa
457 742 502 769 an
540 729 662 768 minus
699 729 752 767 nil
781 729 960 775 interest,
1010 739 1093 766 nam
1127 729 1223 765 valet
1247 728 1367 765 donec

252 801 452 850 probatum
479 800 548 847 fit,
587 800 730 838 causam
757 810 835 837 non
868 797 991 837 adesse
1025 799 1084 836 vel
1119 797 1243 836 falsam
1273 795 1364 835 esse.

254 879 327 909 art.
354 882 463 919 1132.
522 869 564 908 Si
592 869 741 918 quidem
766 868 882 914 causa*
900 868 938 905 in
957 867 1198 906 instrumento
1226 867 1369 915 negotii

254 941 349 992 gesti
375 938 544 990 expressa
578 949 660 987 est,
691 940 789 977 valet
823 939 912 976 haec
948 937 1159 985 obligatio,
1199 937 1370 984 quamvis

255 1010 402 1050 debitor
437 1009 651 1058 probaverit
683 1008 777 1046 hanc
809 1019 886 1046 non
927 1007 1005 1046 esse
1035 1019 1155 1046 veram
1195 1005 1369 1054 causam,

255 1081 370 1120 modo
397 1080 559 1118 creditor
599 1078 705 1117 aliam
743 1078 911 1116 idoneam
944 1077 1088 1116 subesse
1119 1077 1250 1115 doceat
1279 1077 1364 1127 (1).

255 1149 472 1192 Conventio
502 1158 624 1188 tamen
660 1151 781 1188 valere
808 1149 956 1187 videtur
972 1176 986 1195 ‚
1012 1149 1130 1186 donec
1163 1147 1370 1196 probetur,-

254 1220 398 1260 causam
425 1231 500 1259 non
541 1218 713 1268 subesse;
752 1219 813 1257 alii
861 1228 982 1258 tamen
1023 1219 1255 1256 contendunt
1294 1229 1374 1256 cre-

256 1290 417 1330 ditorem
443 1301 542 1329 nunc
567 1289 707 1329 causam
737 1289 884 1327 aliunde
909 1288 1068 1338 probare
1088 1289 1247 1336 debere3
1277 1298 1373 1335 quae·

258 1360 429 1408 quaestio
456 1369 539 1407 est,
565 1360 610 1398 de
633 1371 705 1408 qua
731 1360 889 1397 multum
922 1359 1016 1397 inter
1044 1359 1078 1397 se
1105 1358 1292 1408 digladiari
1316 1359 1374 1397 so·

258 1432 337 1469 lent
363 1430 582 1479 interpretes
598 1457 612 1477 ‚
640 1441 798 1478 quorum
831 1441 919 1467 vero
940 1429 1022 1466 lites
1043 1439 1271 1477 componere
1294 1439 1372 1466 non

257 1508 314 1539 est
338 1500 451 1550 hujus
485 1499 559 1537 loci
583 1499 666 1548 (2).
718 1498 838 1538 Causa
861 1510 949 1537 vero
975 1499 1103 1537 illicita
1128 1507 1184 1536 est
1208 1509 1303 1546 quae
1325 1499 1376 1537 le·

258 1570 368 1620 gibus
393 1580 505 1618 atque
526 1569 636 1608 bonis
663 1569 830 1607 moribus
854 1578 911 1608 est
937 1569 1142 1617 contraria,
1165 1578 1236 1607 art.
1261 1580 1372 1617 1¹33·

310 1641 412 1679 Haec
448 1640 493 1678 de
527 1639 632 1678 causa
665 1639 906 1687 obligationis
939 1638 1107 1677 doctrina
1140 1639 1185 1677 ab
1221 1636 1374 1687 optimis

255 1710 352 1762 iuris
380 1709 517 1749 Gallici
553 1708 821 1758 interpretibus
856 1717 1003 1757 recepta
1037 1718 1124 1756 est,
1152 1709 1270 1747 donec
1311 1719 1376 1747 an·

260 1789 299 1819 te
331 1780 405 1819 hoc
426 1779 622 1818 triennium
645 1791 666 1818 a
693 1778 892 1818 clarisfimo
912 1779 1029 1817 Ernst
1052 1779 1266 1828 impugnata
1292 1788 1376 1827 est,

263 1850 330 1898 qui
357 1852 403 1889 ad
427 1849 679 1898 quaestionem
697 1878 710 1897 ,
746 1860 792 1888 an
823 1848 928 1888 causa
954 1848 1193 1897 obligationis
1225 1848 1376 1897 requisi·

263 1928 343 1959 tum
377 1918 423 1958 fit
453 1917 714 1959 conventionis
754 1918 970 1967 essentiale,
1021 1919 1188 1967 negando
1224 1930 1380 1968 respon-

1316 1988 1392 2028 det¹

303 2095 450 2136 (1)Vid.
471 2098 709 2132 Duramon,
736 2097 787 2125 11⁰.
811 2099 918 2128 310.1.
939 2098 960 2126 1.

304 2156 360 2192 (α)
380 2154 439 2191 Qui
459 2156 542 2189 plura
571 2155 608 2182 de
626 2154 662 2182 iis
682 2155 748 2183 vult
771 2156 877 2183 adeant
901 2155 928 2183 D
943 2160 1138 2189 uuinton,
1166 2154 1187 2182 l.
1204 2154 1225 2181 1.
1241 2151 1292 2181 πθ.
1313 2160 1380 2188 307.

266 2219 298 2241 et
324 2210 533 2245 Zacharin.
559 2212 583 2239 1.
615 2212 638 2240 1.
669 2210 757 2242 Tom.
784 2221 811 2240 2.
838 2211 865 2248 §.
892 2220 960 2247 335·
999 2218 1030 2238 et
1058 2209 1110 2246 qui
1138 2210 1174 2238 ab
1197 2217 1236 2238 eo
1251 2209 1380 2238 citantur

265 2267 299 2297 in
318 2274 389 2298 nota
408 2274 437 2301 5·
1365 2262 1367 2264 ’
