1483 2860
390 157 984 201 ’ruso-Locrffich.
1208 165 1255 202 55

147 272 291 330 gratia,
341 271 392 310 de.
431 271 552 309 anima
587 278 624 307 et·
666 268 711 305 de
756 266 999 305 conciliorum
1041 262 1259 302 auctoritate

144 343 230 382 satis
270 342 394 391 inepta
429 341 568 388 edens,
622 336 790 387 quamvis
821 335 952 382 bono,
1003 342 1045 371 ut
1082 332 1259 377 videtur,

146 412 308 451 consilio
334 412 420 462 (1).

194 481 275 522 Etfi
300 481 448 520 natione
479 479 718 524 Germanus,
745 475 865 524 gentis
892 473 975 513 suae
997 473 1165 511 indolem
1191 470 1261 509 mi-

147 551 246 591 nime
279 550 455 600 expressit
475 549 583 597 Leo;
613 550 726 586 homo
761 545 836 584 fuit
876 544 1142 588 turbulentus,
1175 551 1259 579 acer

148 631 262 670 atque
283 620 499 670 inquietus,
530 619 596 667 qui
617 627 806 665 nunquam
831 627 852 653 a
877 613 1052 652 futilibus
1071 610 1265 651 laboribus

146 690 329 740 susceptis
359 689 621 738 requiescens,
652 688 698 726 ad
725 687 795 724 hos
823 684 984 722 tuendos
1015 681 1265 732 peragendos·-

145 772 220 810 que
243 761 460 809 prudentem
482 756 666 797 Ecclefiae
688 753 1020 805 gubernationem,
1047 763 1157 802 quam
1184 762 1265 790 om·

142 842 210 876 ,nes
242 829 518 875 denda-abant,
548 826 725 876 neglexit.

643 969 679 1016 §.
738 980 776 1004 2.

429 1097 561 1136 Victor
587 1095 644 1133 ΙΙ.
671 1094 993 1144 (1055—1057).

199 1229 291 1268 Post
313 1229 428 1266 multa
450 1227 496 1266 de
523 1237 625 1265 novo
649 1226 748 1273 Papa
772 1223 942 1272 eligendo
973 1219 1146 1267 dissidia,
1175 1223 1269 1268 quae

150 1311 218 1348 per
251 1298 434 1346 integrum
471 1308 607 1334 annum
639 1295 890 1339 duraverunt,
917 1292 1039 1329 clerus
1072 1289 1267 1327 Romanus

151 1368 293 1407 Leonis
323 1368 389 1408 IX.
431 1366 702 1412 successorem,
742 1364 808 1412 qui
845 1360 1006 1400 Henrico
1034 1357 1103 1397 III.
1133 1368 1273 1407 propo-

152 1450 327 1489 neretur,
369 1437 578 1486 defignandi
612 1446 737 1474 curam
782 1431 1036 1472 hildebrando
1051 1458 1064 1477 ,
1112 1429 1149 1467 id
1184 1437 1277 1466 tem·-

153 1511 257 1562 poris
297 1507 524 1548 subdiacono
540 1535 553 1554 ‚
605 1503 789 1543 mandavit
805 1531 819 1550 ,
873 1501 938 1549 qui
975 1498 1239 1539 Gebeharduin
1258 1524 1272 1543 ‚

155 1582 390 1631 Episcopum
403 1574 729 1616 Eichstadtiensem
753 1581 866 1620 atque
887 1572 1057 1608 intimum
1072 1568 1276 1616 Imperato-

156 1652 208 1690 ris
239 1648 511 1693 confiliarium‚
538 1646 688 1683 nomine
713 1641 880 1681 Victoris
909 1641 972 1688 11,
1005 1639 1053 1678 ad
1079 1638 1153 1676 hoc
1191 1647 1274 1675 tnu-

155 1732 228 1760 nus
265 1718 480 1758 obeundum
522 1713 702 1753 Romanis
734 1711 874 1750 obtulit
913 1711 998 1759 (2).
1052 1707 1169 1758 Quod
1192 1717 1269 1745 non

148 1785 222 1832 ‘nist
256 1800 364 1840 aegre
397 1785 542 1827 assensu
578 1783 645 1823 suo
676 1780 910 1820 confirmavit
941 1779 1146 1827 Imperator
1182 1776 1273 1825 (3),

1126 1851 1272 1895 quum)

197 1955 253 1993 (ι)
272 1956 365 1986 eonf.
388 1956 579 1988 Venema,
605 1951 724 1986 Eccles.
748 1951 838 1979 th.
861 1949 949 1978 Tom.
973 1949 1012 1977 V.
1035 1953 1104 1982 pag.
1129 1948 1197 1981 581.

156 2047 159 2049 ,
200 2015 256 2052 (2)
275 2015 344 2044 noc
368 2013 404 2042 ab
427 2010 587 2047 Episcopis
616 2008 791 2044 Mogumiae
827 2004 1016 2041 congregatis
1043 2004 1157 2032 factum
1182 2001 1276 2031 fuisse

159 2073 239 2102 haud
262 2077 400 2100 accurate
425 2068 503 2098 dlxit
523 2068 773 2096 Hermannus
801 2063 1079 2097 Contractus,
1099 2059 1276 2089 inchrono·

136 2174 145 2178 ἶ
160 2128 316 2167 graphia,
334 2128 370 2157 ad
394 2134 503 2156 annum
528 2133 614 2161 ¹054·
637 2123 708 2154 fine.

201 2186 258 2223 (³)
273 2186 319 2214 De
341 2185 398 2214 hac
424 2181 674 2215 Gebehardi,
695 2180 729 2208 ad
748 2179 850 2208 sedem
871 2177 1007 2214 papalem
1030 2174 1184 2205 flectione
1203 2178 1276 2202 con-

163 2244 275 2272 feratur
297 2240 421 2270 omnino
450 2237 619 2274 Planck,
648 2239 670 2266 1.
694 2244 722 2266 e.
744 2235 798 2265 lv.
831 2235 855 2264 1.
880 2233 1014 2265 Aurem.
1038 2239 1104 2269 ραι.
1126 2238 1258 2269 47—51.
