1483 2860
410 264 922 304 LIT-ERARIA.
1152 271 1223 318 ισς

122 374 277 424 probare
302 384 458 422 poterat.
513 374 660 413 Etenim
684 374 870 422 cogitandi
897 374 1077 412 libertatis
1101 376 1233 413 acerri-

122 456 204 482 mus
236 454 312 482 erat
348 445 480 483 vindex
514 452 550 482 et
573 455 701 482 omnes
733 445 834 482 cives
860 443 1058 483 arctissima
1078 456 1234 482 concor-

121 512 182 551 dia
214 515 308 551 inter
345 512 380 551 se
405 513 582 550 devinciri
609 513 846 550 vehementer
869 512 1057 559 cupiebat.
1112 514 1231 559 Atqui

123 583 227 629 quod
263 582 422 620 Ordines
446 582 641 630 exigebant
679 582 936 631 jusjurandum
977 593 1053 619 non
1086 582 1227 621 exsules

120 653 258 699 modo,
295 652 355 689 sed
388 651 570 698 reliquum
607 664 759 699 quoque
790 652 956 699 Belgium
983 664 1001 690 a
1035 654 1233 692 concordia

101 723 356 760 ‘vehementer
379 720 576 759 absterrere
605 722 768 760 videbat.

165 793 292 830 Pacem
323 790 602 829 Gandavensem
632 792 825 829 admodum
852 792 944 829 laete
967 790 1109 830 ferebat
1137 793 1175 832 G
1192 806 1235 831 u·

117 862 336 900 lielmus.
389 861 571 899 Praevidit
606 861 756 909 quidem
775 890 787 909 ‚
813 874 930 910 regem
966 874 1041 900 eam
1069 874 1146 901 non
1172 875 1231 902 ac-

116 940 310 979 cepturum
341 931 442 979 esse3
481 930 542 968 sed
570 931 768 969 Hollandia
796 940 832 969 et
869 931 1062 969 Zeelandia
1094 932 1231 971 interea

120 1001 301 1048 maximo,
327 1001 362 1038 in
380 1012 455 1050 quo
477 1000 713 1039 versabantur
727 1029 739 1048 ‚
756 1001 924 1049 periculo
936 1002 1108 1039 liberatae
1126 998 1230 1041 erant

118 1080 228 1119 atque
249 1072 384 1110 arctior
412 1072 588 1119 quaedam
618 1083 703 1109 curn
735 1072 880 1119 reliquo
908 1072 1035 1121 Belgio
1050 1072 1094 1109 iis
1117 1073 1231 1110 inter-

114 1142 269 1180 cesserat
299 1141 556 1188 necessitudo,
584 1143 681 1180 unde
721 1145 764 1179 ad
801 1143 1003 1180 libertatern
1041 1142 1232 1181 vindican-

117 1211 197 1248 dam
229 1211 368 1258 optima
401 1223 570 1258 quaeque
596 1211 738 1260 sperare
769 1212 916 1249 licebat.

171 1281 369 1319 Caeterum
404 1282 470 1319 hac
504 1293 620 1329 pace,
671 1281 695 1319 fi
727 1281 906 1319 summum
941 1281 1137 1330 imperium
1177 1282 1230 1320 af-

115 1349 250 1388 fectare
283 1350 458 1388 voluisset
495 1351 819 1398 Gulielmus,
868 1352 992 1390 omnia
1029 1353 1109 1401 ejus
1142 1364 1232 1390 con·

119 1421 196 1459 filia
232 1420 352 1458 inania
382 1420 521 1458 reddita
551 1421 683 1459 essent.
737 1422 874 1459 Verum
893 1450 905 1469 ‚
947 1430 989 1459 ut
1027 1422 1133 1470 supra
1157 1424 1232 1472 jam

119 1488 382 1538 exposuimus,
424 1490 505 1527 talia
539 1501 739 1538 numquam
767 1491 805 1529 in
846 1492 1007 1530 animum
1045 1491 1234 1531 induxisse

117 1560 277 1596 videtur.
335 1559 487 1596 Patriam
511 1568 594 1597 ante
614 1560 735 1597 onmia
766 1571 883 1598 caram
913 1562 1102 1610 habebat3
1133 1562 1232 1602 suam

118 1628 230 1677 ipsius
259 1627 460 1676 potentiam
488 1629 637 1666 minime
676 1630 842 1668 curabat.
897 1630 1065 1678 Belgium
1094 1631 1230 1681 Hispa-

117 1709 248 1737 norum
275 1698 459 1747 tyrannidi
487 1698 638 1736 liberare
664 1709 774 1747 atque
798 1700 963 1749 legitimo
994 1703 1092 1740 reois
1117 1703 1233 1750 impe·

115 1769 171 1806 rio
194 1768 423 1807 committere
446 1769 681 1806 vehementer
700 1771 889 1818 cupiebat.
945 1771 1013 1809 Nil
1041 1783 1129 1810 vero
1155 1784 1230 1811 am·

115 1839 215 1888 plius
256 1838 464 1886 expetebat.

162 1908 313 1947 Interim
342 1920 431 1956 pace
471 1908 637 1947 nondum
671 1909 842 1948 confecta
876 1911 1103 1958 Joannes
1144 1914 1232 1952 Au-

114 1987 160 2017 st
175 1979 276 2017 riac
292 1989 315 2015 u
331 1990 349 2016 s
372 1978 487 2027 Belgii
510 1978 767 2027 gubernatora
793 1964 877 2029 rege
889 1981 1052 2027 electus,
1068 1982 1239 2025 Luxem-,

122 2048 287 2096 burgiam
312 2048 477 2086 advenit
532 2049 603 2086 Hic
634 2059 717 2088 ante
736 2061 863 2088 omnes
889 2052 965 2101 regi
992 2052 1150 2091 idoneus
1178 2051 1233 2092 vi-

107 2118 296 2167 debatur,
325 2118 388 2165 qui
416 2120 682 2158 tumultuantes
712 2120 845 2158 milites
872 2122 1058 2171 domaret,
1089 2124 1235 2174 Belgas-

122 2200 193 2236 que
224 2187 289 2225 sub
327 2188 467 2237 regium
497 2188 694 2236 imperium
715 2191 905 2229 reduceret
931 2191 1013 2242 (1).

152 2298 205 2335 (ι)
227 2299 296 2328 Vid.
322 2302 417 2335 Bor,
441 2302 500 2335 op.
521 2301 543 2330 l.
568 2300 653 2332 Libr.
677 2302 729 2332 lx.
752 2303 808 2332 sol.
830 2310 882 2339 193
916 2304 959 2339 sq.
982 2317 1019 2326 —
1054 2305 1243 2342 Bentivo-

117 2354 219 2390 clio,
242 2357 299 2391 op.
322 2358 341 2385 1.
365 2365 430 2392 pag.
450 2367 516 2395 2⁵4·
542 2376 582 2383 —
603 2359 752 2395 Hooft,
775 2362 879 2396 Op.1.
900 2365 1030 2398 pag.48.
1047 2361 1091 2397 sq.
