1524 2850
258 246 370 293 -·ἰ10
605 247 1134 298 ORATIO.

308 383 604 443 respondeant.
666 382 794 442 Quod
835 396 886 427 eo
924 382 1058 442 magis
1091 391 1135 428 te
1173 397 1307 443 rogo,
1336 399 1426 444 quo

308 461 441 519 magis
466 462 558 520 ipse
581 460 626 504 in
648 461 772 505 variis
807 460 1051 519 regionibus
1074 468 1114 505 et
1139 463 1331 520 gentihus
1354 464 1425 508 vi-

309 536 449 593 deris,
471 538 697 596 ‘quomodo
735 532 796 581 ibi
831 545 943 582 artes
984 545 1246 592 tractentur,
1284 547 1324 583 et
1362 539 1424 584 ita

305 615 488 669 videris,
542 623 588 659 ut
624 629 710 659 non
752 614 873 659 facile
915 614 1004 659 aliis
1039 615 1179 660 videre
1219 616 1425 660 concedi-
1474 618 1478 622 “

305 699 401 748 tur3
426 730 429 734 .
458 692 562 737 mihi
601 700 672 736 tua
717 692 800 736 frui
836 692 1090 751 experientia
1132 692 1253 738 liceat
1289 700 1330 738 et
1369 707 1425 738 ne

304 777 420 814 tuam
460 770 565 814 mihi
591 784 744 829 negare
770 769 871 815 velis
911 769 1137 814 amicitiam
1160 769 1313 815 iterum
1339 770 1425 815 ite-

303 861 483 904 rumque
523 860 644 905 rogo.

361 924 523 969 Tecum
563 938 733 981 quoque
772 923 1028 968 firmioribus
1067 923 1191 968 etiam
1228 923 1425 982 conjungi

305 1001 479 1046 vinculis
509 1015 576 1045 me
607 1000 729 1045 video
753 1000 816 1045 Cl.
848 1015 955 1045 van
982 1000 1165 1045 Lidth
1200 1000 1266 1045 de
1293 1000 1425 1045 Jeu-

305 1078 397 1132 de,
441 1078 484 1122 in
529 1093 700 1123 munere
740 1078 856 1135 quod
895 1077 1020 1122 nobis
1058 1077 1102 1121 in
1143 1078 1267 1134 hujus
1306 1075 1426 1135 regni

304 1153 463 1200 Schola
476 1154 736 1200 Veterinaria
762 1154 1006 1214 impositum
1033 1162 1095 1199 est
1122 1154 1291 1213 Collega
1315 1168 1426 1198 con-

302 1232 574 1291 junctissime.
636 1232 734 1276 Jam
773 1247 799 1276 a
835 1231 989 1276 teneris
1014 1231 1234 1275 utilissimo
1261 1239 1337 1274 tuo
1363 1229 1426 1274 uti

307 1310 560 1354 commercio
594 1309 707 1353 licuit
750 1316 791 1353 et
831 1316 951 1367 grata
994 1323 1162 1368 semper
1197 1308 1307 1352 inter
1344 1321 1425 1352 nos

303 1386 384 1432 fuit
422 1386 622 1431 amicitia:
667 1386 813 1430 eadem
849 1401 1017 1445 semper
1055 1393 1250 1440 maneat3
1282 1392 1322 1429 et
1363 1383 1427 1428 sic

304 1463 430 1508 etiam
480 1471 619 1508 tecum
677 1462 914 1507 Clarissime
954 1463 1204 1516 Numan,
1251 1462 1423 1520 Collega

305 1540 518 1599 gratisime
534 1572 546 1594 ‚
579 1540 696 1597 cujus
731 1539 963 1593 utilissimi,
992 1539 1037 1582 in
1058 1546 1148 1583 arte
1172 1538 1422 1584 veterinaria

303 1617 473 1661 labores
515 1617 570 1661 ab
615 1617 815 1661 omnibus
851 1616 943 1674 jure
985 1616 1276 1670 celebrantur,
1307 1623 1426 1661 arcte

303 1694 542 1753 conjuncti,
575 1708 720 1737 omnes
756 1694 799 1737 in
835 1701 1080 1738 nostrorum
1119 1692 1424 1752 discipulorum

305 1785 426 1816 usum
467 1770 576 1816 vires
614 1771 923 1830 impendamus.

363 1848 554 1893 Tandem
592 1849 707 1892 Vos
742 1847 846 1890 mihi
880 1847 1159 1907 compellandi
1184 1847 1309 1900 estis,
1339 1847 1425 1891 hu·-⁴

305 1926 371 1984 jus
385 1925 635 1969 Academiae
663 1924 817 1967 alumni
834 1956 845 1976 ,
861 1924 888 1967 J
890 1939 1039 1968 uvenes
1055 1923 1242 1983 Optimi!
1259 1924 1425 1982 Quam-

308 2018 434 2060 quam
470 2002 606 2061 probe
644 2000 759 2054 scio,
819 2000 1063 2060 disciplinae
1114 2008 1259 2060 partes
1317 2014 1425 2058 quae
1485 2004 1487 2008 ⁴

306 2078 410 2124 mihi
458 2085 554 2123 sunt
599 2078 806 2131 traditae,
860 2078 982 2122 vobis
1020 2078 1160 2137 primo
1201 2079 1297 2122 loco
1335 2091 1424 2122 non

308 2171 399 2201 esse
443 2155 697 2210 destinata53
729 2162 870 2200 tamen
910 2155 954 2198 id
991 2155 1134 2200 sciatis
1175 2154 1326 2208 velim,
1355 2168 1425 2198 me

306 2232 599 2288 dilectissimae
651 2232 775 2291 hujus
826 2231 1080 2280 Academiae
1132 2231 1381 2292 discipulum
1409 2262 1423 2284 ‚

1355 2318 1434 2349 m-*
