1483 2860
175 221 223 270 36
394 208 1058 255 COMMENTATto

175 327 332 373 scimus,
358 333 461 363 aceto
485 332 597 372 atque
619 321 796 360 omnibus
828 308 908 360 aliis
940 320 1055 359 acidis
1081 320 1288 370 proprieta-

175 407 249 436 tem
288 394 402 448 inesse
439 394 474 432 se
518 392 693 430 facillime
731 402 817 429 curn
862 391 1030 440 partibus
1077 390 1286 439 gelatinoiis

176 463 412 505 combinandi
426 492 438 511 ,
465 471 577 509 atque
605 461 670 498 has
697 471 806 508 quam
832 461 989 498 maxima
1013 459 1287 509 condensandi3

175 548 261 576 cum
305 543 423 572 autem
475 530 694 571 substantiae
740 540 834 578 quae
883 539 988 568 aceto
1036 530 1290 570 conficiuntur

178 617 305 647 omnes
330 602 389 641 vel
420 602 593 650 majorem
629 600 689 638 vel
722 600 902 638 minorem
939 600 1178 647 quantitatem
1209 611 1291 638 mu-

179 678 213 715 ci
255 673 315 712 vel
362 670 541 720 gelatinae
578 669 795 718 vegetabilis
834 669 1057 716 continent,
1108 680 1186 707 non
1221 668 1292 708 mi-

178 745 330 785 randum
349 771 362 790 ‚
413 741 556 779 acidum
593 739 772 778 aceticum
806 739 988 788 principia
1026 738 1093 777 fibi
1128 738 1290 777 admixta

180 813 372 865 peregrina
398 811 608 858 relinquere
622 838 634 857 ‚
651 809 763 858 seque
784 821 868 847 cum
894 808 1103 858 gelatinofis
1121 808 1292 858 partibus

180 885 418 931 combinare,
469 882 515 919 ad
556 892 647 928 quas
688 880 861 929 majorem
898 878 1110 916 affinitatem
1153 878 1294 926 habet,

178 967 215 995 et
242 954 389 1003 quidem
417 950 622 991 verosimile
647 958 726 997 est,
753 949 815 987 hic
847 958 989 987 acetum
1017 948 1181 986 chemice
1206 959 1292 985 cum

177 1024 335 1076 gelatina
375 1035 395 1061 e
430 1020 700 1070 vegetabilibus
749 1018 824 1057 esse
867 1028 1057 1067 nuptum,
1109 1018 1293 1057 abluendo

178 1094 314 1134 etenim
360 1104 446 1131 cum
480 1103 575 1139 aqua
615 1090 660 1129 ab
708 1089 783 1128 illis
826 1089 1063 1138 separandum
1102 1100 1178 1128 non
1224 1098 1294 1132 est.

178 1166 272 1205 Non
309 1171 432 1204 autem
467 1160 725 1200 tantummodo
761 1160 799 1198 in
835 1159 1027 1209 galatinam
1052 1158 1291 1209 vegetabilem

178 1246 309 1274 verum
345 1233 450 1272 etiam
483 1232 520 1270 in
559 1231 749 1269 animalem
783 1230 833 1268 ita
859 1229 935 1277 agit
971 1238 1129 1268 acetum.
1190 1229 1292 1268 Caro

177 1305 218 1344 in
248 1313 353 1344 aceto
380 1310 556 1341 macerata
579 1301 672 1338 illud
696 1300 841 1338 abunde
871 1298 954 1336 satis
988 1299 1179 1346 ostendit,
1204 1309 1290 1336 cum

178 1375 294 1424 huius
323 1375 429 1422 sapor
466 1371 573 1410 etiam
600 1381 647 1408 ne
675 1369 823 1418 quidem
861 1368 1045 1407 abluendo
1078 1378 1164 1406 cum
1196 1379 1293 1415 aqua

183 1444 347 1484 amoveri
384 1451 510 1492 potest
541 1442 599 1492 1).

232 1514 293 1553 Sic
320 1513 426 1552 etiam
463 1514 551 1549 olim
584 1510 758 1549 adhibere
778 1509 944 1548 solebant
966 1517 1001 1547 et
1022 1510 1140 1548 adhuc
1174 1507 1294 1552 solent

177 1595 321 1624 acetum
349 1584 394 1620 ad
425 1583 505 1620 loca
523 1609 536 1628 ‚
563 1581 601 1618 in
628 1581 767 1628 quibus
803 1583 862 1619 aet·
903 1580 1122 1627 depatvatus
1147 1585 1205 1616 est
1236 1577 1294 1616 uti

176 1653 411 1699 nosocomia,
440 1663 581 1690 carcera
618 1660 653 1688 et
693 1650 763 1688 alia
795 1649 1031 1697 depuranda;
1060 1648 1170 1685 hodie
1202 1658 1294 1686 vero

177 1726 217 1763 in
238 1726 317 1774 ejtis
348 1725 473 1761 locum
509 1721 781 1759 substituuntur
811 1720 912 1758 acida
940 1718 1151 1766 mineralia,
1179 1730 1294 1767 vapo-

173 1807 232 1834 res
260 1793 352 1832 aceti
393 1792 487 1830 enim
527 1792 704 1830 videntur·
727 1789 874 1837 quidem
915 1789 1032 1827 celare
1069 1800 1146 1827 non
1171 1797 1292 1827 autem

171 1865 322 1916 penitus
356 1864 545 1901 destruere
576 1870 612 1899 et
642 1861 877 1902 neutralisare
905 1859 1092 1897 miasmata
1118 1858 1177 1908 2).

214 1990 675 2031 1)11ermbst:'1'dt‚1ib.l.
698 1997 764 2026 pag.
787 1996 841 2023 ’²34
864 1988 925 2022 seq.

208 2054 243 2086 2)
265 2050 359 2079 Conf.
391 2048 524 2077 Doctiss.
558 2048 737 2080 Perdere,
769 2046 799 2072 in
832 2045 969 2073 Diction.
1001 2045 1054 2074 des
1085 2045 1128 2074 sc.
1158 2044 1292 2080 medic..

173 2109 261 2138 Tom.
287 2107 417 2138 LXVIII.
440 2113 508 2141 pag.
531 2113 595 2140 ¹34·
620 2111 662 2132 art
684 2104 848 2138 Vinnigrae,

635 2218 854 2254 94³0&ss

1209 2345 1295 2386 CA.
