1483 2860
427 515 811 557 CAP-UT
885 518 955 557 IV.

260 721 315 750 DE
344 721 524 767 INVERSA
552 719 850 752 TANGENTIUM
864 721 1095 769 VMETHODO.

621 1117 659 1163 §-
708 1127 773 1163 51.

194 1286 473 1355 Problemata,
501 1319 595 1357 quae
620 1308 819 1358 hucusque
838 1310 885 1349 de
906 1311 1144 1362 tangentibus
1168 1326 1253 1365 age-

140 1378 253 1427 bant,
279 1379 326 1417 ad
360 1379 576 1428 methodum
598 1378 776 1418 directam
812 1380 1029 1431 pertinent;
1057 1385 1103 1423 ad
1131 1384 1256 1425 inver-

140 1447 215 1488 fiim
245 1457 367 1487 autem
399 1448 587 1497 pertinent
614 1460 656 1488 ea
686 1450 943 1501 problemata,
970 1452 1010 1492 in
1046 1454 1185 1502 quibus
1207 1466 1256 1496 ex

127 1507 237 1556 ‘datis
249 1518 476 1567 tangentium
488 1519 779 1576 proprietatibus
798 1532 934 1562 curvae
953 1524 1125 1572 aequatio
1147 1537 1260 1575 quae-

143 1587 256 1626 renda
288 1589 531 1636 proponitur.
583 1588 708 1628 Primo
733 1597 903 1639 tempore
927 1592 1156 1634 inventionis
1182 1597 1258 1635 cal-

143 1657 220 1696 culi
250 1657 500 1696 differentialis
540 1659 791 1700 mathematici
828 1661 1003 1703 directam
1038 1664 1258 1706 methodum

143 1732 182 1763 et
204 1723 386 1761 calculum
419 1721 697 1763 differentialem
723 1725 801 1764 fere
836 1737 952 1766 unum
986 1727 1159 1778 idemque
1194 1731 1265 1771 ha-

137 1793 320 1832 ·buerunt.
374 1792 520 1833 Eodem
554 1805 644 1833 vero
680 1794 764 1845 jure
801 1795 963 1836 inversae
987 1799 1164 1839 methodo
1189 1811 1262 1840 no·

145 1875 233 1903 men
272 1864 408 1903 calculi
448 1863 638 1914 integralis
683 1865 799 1905 tribui
836 1868 977 1917 posset.
1042 1869 1261 1911 Pervenitur

148 1934 271 1982 enim,
298 1933 325 1974 fi
352 1946 373 1973 e
397 1935 629 1986 tangentium
667 1935 764 1975 datis
797 1937 1091 1986 proprietatibus
1126 1951 1261 1981 curvae

148 2002 264 2053 ipfius
286 2004 458 2052 aequatio
481 2004 700 2045 invenienda
718 2005 787 2054 fit,
814 2006 1112 2057 adaequationes
1126 2037 1140 2058 ,
1167 2019 1262 2058 qua‘e

148 2083 235 2110 cum
275 2072 542 2120 quantitatibus
587 2074 845 2116 differentiatis
890 2078 1112 2118 commixtae
1161 2079 1263 2120 sunt.

150 2141 262 2182 Unde
296 2141 411 2192 igitur
438 2143 688 2193 colligendum
721 2154 779 2185 est
796 2175 811 2196 ,
834 2148 1020 2188 caleulum
1050 2149 1265 2199 integralem

152 2211 228 2250 esse
250 2211 511 2252 instituendum
529 2242 544 2263 ‚
570 2226 647 2264 quo
678 2214 868 2257 solvantur
889 2218 975 2258 talia
1008 2220 1264 2270 problemata,

153 2291 190 2321 et
214 2293 258 2322 eo
291 2283 409 2323 latius·
426 2284 603 2326 inversam
629 2287 845 2328 methodum
874 2298 1026 2341 patere,
1054 2301 1131 2340 quo
1154 2291 1265 2330 latius

1192 2350 1267 2405 Cal!
