1483 2860
428 239 939 281 LITERARIA.
1190 249 1236 285 41

124 354 272 393 vincula
304 352 624 401 conjiciebantur,
651 349 762 389 variis
798 347 1055 387 cruciamentis
1087 355 1243 396 torque-

123 424 258 462 bantur
300 423 453 471 gladio,
491 423 653 469 laqueo,
679 420 856 458 vivorum
881 419 1098 467 sepultura,
1138 418 1244 456 flam-

128 493 200 531 mis
249 494 371 532 aliove
432 493 546 531 modo
592 490 852 539 necabantur3
923 489 985 528 sed
1035 488 1249 528 innocentia

130 560 194 601 sua
225 561 312 602 fulti
341 564 440 601 laeto
476 573 518 600 ac
551 560 644 600 forti
689 555 813 599 animo
859 560 1042 609 supplicia
1067 559 1253 608 perpetie-

127 632 295 679 bantur,
324 641 559 681 mortemque
589 631 777 670 subibant.
843 631 1020 681 Quorum
1061 630 1256 680 singulari-

129 701 333 740 constantia
360 730 375 750 ,
429 713 508 740 non
553 701 688 740 mirum
729 710 787 739 est
813 730 827 749 ,
874 712 1006 739 omnes
1049 700 1256 740 haereticos

129 772 171 811 in
200 771 370 811 doctrina
397 771 457 810 sua
485 772 643 810 firmiter
672 771 917 820 perseverasse
942 780 1057 819 atque
1087 771 1259 810 innume-

129 854 208 881 ram
240 842 399 879 aliorum
434 841 714 879 multitudinem
743 842 789 878 ad
826 852 898 880 eos
947 840 1162 879 conversam
1200 849 1260 878 es·

132 910 185 950 se.
238 911 391 950 Etenim
417 922 496 949 non
517 921 659 949 tantum
685 911 887 958 haeretici,
914 910 977 949 sed
1000 911 1061 949 alii
1087 922 1259 959 quoque,

133 980 327 1019 Romanae
351 981 522 1020 ecclefiae
557 982 724 1030 addicti,
751 981 881 1021 miram
917 981 1158 1020 morientium
1198 981 1262 1020 fir-

132 1051 299 1090 mitatem
340 1061 377 1089 et
417 1051 722 1099 perseverantiam
771 1051 911 1090 summe
948 1051 1263 1098 admirabantur,

130 1120 178 1160 ab
214 1120 365 1158 immani
391 1123 462 1159 ista
490 1121 710 1159 crudelitate
743 1123 983 1161 vehementer
1009 1122 1263 1161 abhorrebant

133 1197 171 1228 et
201 1201 321 1228 novae
357 1190 549 1228 doctrinae
580 1201 705 1228 amore
752 1201 794 1228 ac
837 1191 1043 1238 cupiditate
1086 1191 1265 1228 teneban-

134 1267 211 1298 tur.
265 1260 355 1309 Quo
393 1258 535 1298 factum
573 1269 660 1306 est,
689 1269 731 1298 ut
753 1261 1027 1298 haereticorum
1061 1271 1266 1308 numerus,

93 1377 98 1384 x
137 1340 250 1378 quem
276 1329 440 1377 Hispani
487 1328 682 1378 suppliciis
725 1341 904 1379 perquam
941 1330 1181 1369 imminutum
1220 1330 1269 1368 iri

134 1399 358 1447 censebant,
386 1399 426 1437 in
463 1399 542 1438 dies
572 1410 756 1438 cresceret
795 1410 832 1439 et
867 1409 1080 1450 augeretur.
1133 1400 1267 1449 Itaque

134 1469 428 1517 Philippus
472 1469 666 1519 religionis
699 1472 830 1510 ardore
863 1472 1013 1519 dicam,
1040 1473 1103 1512 vel
1139 1471 1268 1520 super-

133 1538 283 1577 stitione
332 1539 492 1587 ductus,
529 1539 679 1578 saevitia
717 1540 781 1579 sua
821 1542 916 1579 nihil
960 1542 1064 1580 aliud
1110 1540 1268 1590 effecit,

139 1622 251 1659 quam
291 1618 335 1648 ut
367 1621 485 1648 unum
526 1611 696 1648 omnium
729 1610 858 1649 odium
894 1612 1081 1661 Hispanis
1122 1612 1271 1660 fibique

141 1688 390 1730 compararet.
445 1682 576 1728 Atque
618 1682 707 1719 haec
740 1679 847 1719 causa
886 1690 987 1728 erat,
1032 1693 1147 1729 quare
1177 1693 1271 1720 con-

137 1752 255 1795 tinuis
282 1751 405 1789 turbis
437 1751 649 1798 respublica
673 1751 822 1800 Belgica
843 1752 1106 1801 exagitaretur.
1158 1753 1268 1791 Hanc

139 1833 230 1862 vero
270 1822 337 1860 ubi
373 1822 566 1870 percipere
602 1830 667 1859 aut
703 1832 782 1859 non
810 1820 997 1869 possunt,
1032 1832 1098 1861 aut
1132 1824 1272 1862 nolunt

138 1891 369 1942 scriptores,
421 1892 489 1940 qui
533 1890 715 1939 Hispanis
757 1890 906 1939 favent,
948 1903 1098 1930 omnem
1137 1893 1271 1932 harum

138 1974 263 2002 rerum
297 1963 446 2011 culpam
477 1961 517 2000 in
549 1960 749 2011 Belgarum
772 1961 950 1999 Proceres
988 1970 1026 1999 et
1066 1961 1105 1999 in
1137 1962 1270 2011 primis

141 2033 184 2077 in
218 2033 537 2073 Gulielmum
563 2041 770 2079 nostrum,
797 2029 1078 2080 integerrimum
1112 2031 1275 2083 patriae-

149 2115 225 2155 que
257 2102 548 2145 amantissimum
581 2101 729 2150 virum,
758 2099 975 2142 conferunt.

645 2219 685 2269 §-
716 2229 778 2269 13.

200 2314 534 2369 Gulielmus,
574 2329 647 2370 pro
683 2318 836 2365 mirifica
875 2318 969 2369 illa,
1021 2331 1097 2370 qua
1139 2320 1279 2370 gaude·

663 2392 665 2396 ’
1181 2390 1277 2451 διε,
