1483 2860
262 274 311 328 ςσ
483 272 1146 322 coMMEN-‘rARiA

265 377 493 424 cundaturos
504 413 518 432 ‚
531 372 713 434 plurimos
727 375 816 422 vero
844 384 1119 423 obtrectaturos
1133 376 1230 423 esse(
1250 383 1376 434 Quare

267 455 418 493 minime
430 453 582 503 timebat
598 482 613 502 ,
638 446 686 492 n³e
700 451 835 493 horum
861 455 1093 493 decretorum
1108 452 1379 503 promulgatio·

265 535 312 563 ne
337 524 490 573 patriae
505 523 663 562 exitium*
687 524 973 573 pararetur.Sed
988 535 1111 573 regem
1124 524 1240 574 hujus
1262 522 1378 572 ipsius

266 593 579 643 promulgationis
593 592 790 633 effectibus
804 594 976 633 edoctum
991 603 1090 632 recta
1112 594 1257 632 tandem
1277 591 1382 642 spec·

265 657 430 702 faturum
457 672 571 712 atque
599 675 645 702 ex
662 663 849 702 'diuturna
881 663 946 702 sua
963 665 1068 703 velut
1099 662 1281 703 dementia
1299 670 1383 700 tan-

265 733 347 771 dem
370 731 667 782 expergefactum
695 732 740 770 iri
766 731 947 781 sperabat.
994 732 1111 782 Regis
1147 732 1243 773 enim
1262 729 1384 771 confi-

262 802 313 841 lia
345 803 391 841 ad
428 801 609 840 summum
633 801 836 851 asperitatis
870 801 1061 852 fastigium
1088 811 1215 843 evecta
1250 809 1381 849 erant;

262 862 364 910 t'anta
380 873 523 920 populo
555 872 647 911 mala
671 870 839 921 infligere
851 871 1065 921 cogitabat,
1093 880 1232 921 quanta
1257 879 1385 910 exant-

263 942 338 980 lare
358 942 463 980 nullo
484 941 599 980 modo
625 941 765 991 posset.
820 941 956 991 Itaque
982 942 1054 980 hoc
1080 940 1261 991 temporis
1282 939 1383 989 quafi

261 1020 406 1061 puncto
419 1013 598 1051 utendum
613 1021 690 1051 erat
705 1041 719 1060 ,
737 1023 814 1061 quo
827 1023 890 1050 rex
905 1010 941 1050 se
954 1011 1030 1051 suis
1043 1011 1159 1061 ipsius
1171 1011 1281 1051 armis
1293 1009 1385 1050 faci-

262 1083 299 1120 le
322 1091 603 1132 compungeret.
622 1082 675 1122 .Si
695 1094 785 1122 vero
810 1082 907 1133 regis
933 1082 1094 1121 consiliis
1116 1080 1280 1121 resistere
1299 1091 1386 1129 per·

265 1152 420 1192 rexisset
475 1153 787 1202 decretorumque
836 1152 1127 1202 publicationem
1166 1148 1384 1190 retardasset

267 1221 342 1261 Gu
353 1223 366 1260 1
379 1222 391 1259 i
402 1224 444 1261 el
457 1235 492 1261 m
509 1234 534 1261 u
549 1235 567 1261 s
583 1251 595 1271 ,
609 1234 678 1263 rex
692 1223 831 1262 interea
849 1234 967 1262 novas
978 1235 1018 1262 ac
1033 1212 1203 1261 meliores
1215 1223 1260 1260 ad
1273 1221 1383 1259 finem

269 1302 380 1338 quam
403 1291 472 1330 fibi
500 1292 748 1341 proposuerat
771 1294 1062 1343 persequendam
1088 1292 1252 1331 rationes
1273 1302 1386 1330 exco-

265 1348 416 1409 gitasset
437 1369 479 1396 ac
503 1361 661 1398 lentiore
685 1363 833 1407 quidem
858 1361 920 1399 sed
936 1361 1095 1399 certiore
1122 1369 1277 1408 quoque
1300 1368 1384 1408 gra-

264 1429 316 1468 du
354 1427 547 1476 Belgarum
575 1428 772 1476 perniciem
795 1427 955 1477 parasset
981 1428 1065 1478 (1).

316 1499 424 1549 Quae
448 1509 534 1536 cum
561 1497 611 1535 ita
636 1496 736 1552 fint,
773 1507 851 1536 non
889 1506 946 1536 est
987 1498 1092 1546 quod
1130 1497 1386 1537 Gulielmi

262 1569 450 1608 sermones
487 1567 726 1616 rationesque
767 1567 1012 1618 damnemu53
1050 1568 1112 1607 sed
1147 1568 1276 1618 potius
1313 1567 1386 1606 fin-

261 1639 425 1685 gularem
453 1639 532 1687 ejus
566 1649 607 1675 ac
634 1649 754 1686 prope
789 1638 950 1677 divinam
983 1623 1193 1688 sapientiam
1227 1638 1385 1679 admire-

261 1719 360 1746 mur.
414 1707 520 1758 Quae
554 1706 652 1744 enim
691 1715 795 1747 tanta
837 1709 1038 1758 excogitari
1073 1717 1200 1759 potest
1225 1710 1386 1759 pruden-

260 1777 338 1824 tia,
368 1789 462 1826 quae
481 1786 554 1815 tam
580 1777 804 1826 praeclaris,
832 1787 905 1817 tam
932 1779 1044 1818 variis
1072 1791 1113 1818 ac
1143 1779 1265 1829 primo
1291 1790 1384 1818 ocu·

261 1847 384 1884 lorum
412 1847 549 1885 obtutu
579 1846 731 1896 prorsus
756 1848 951 1887 contrariis
987 1848 1195 1888 rationibus
1231 1849 1380 1898 utitur,

260 1905 306 1955 tit
335 1914 607 1954 saluberrimam
634 1944 648 1964 ,
677 1910 813 1964 'quarn
842 1916 1009 1966 spectat,
1041 1917 1148 1956 finem
1182 1918 1376 1968 attingat?

262 1982 343 2023 Ubi
391 1994 533 2023 tantum
576 1985 714 2034 ingenii
767 1998 921 2025 acumen
967 1987 1006 2025 in
1039 1986 1120 2026 aliis
1159 1989 1377 2030 hominibus

262 2053 514 2102 conspicitur,
550 2055 679 2103 quod,
712 2067 828 2104 quum
861 2057 982 2096 omnis
1017 2057 1112 2097 salus
1150 2062 1379 2099 conclamata

263 2123 461 2173 omniaque
489 2123 645 2165 subsidia
679 2135 810 2177 negata
830 2126 907 2165 esse
934 2128 1135 2179 videntur,
1169 2141 1268 2170 nova
1286 2130 1389 2169 sem·'

1309 2211 1378 2250 per

296 2321 352 2362 (1)
374 2320 521 2353 Disseruit
555 2323 757 2364 schiller,
781 2328 840 2364 op.
855 2330 876 2359 l.
894 2327 965 2359 Lib.
981 2328 1022 2359 11.
1041 2337 1108 2366 pag.
1128 2336 1198 2367 249·

1481 1733 1483 1750 l

1481 1754 1483 1775 l

1462 1815 1463 1819 =
1480 1781 1483 1832 l

1457 2645 1466 2860 ——..-—.—

1468 2688 1483 2860 ——i.-,
