1560 2860
320 283 380 330 tm
677 288 1062 336 ORATIO.

319 423 503 468 omnium
538 438 680 471 amore
714 434 839 486 atque
877 428 1174 474 existimatione
1212 435 1419 483 uteretur,

320 507 388 554 et,
429 494 525 560 ipso
555 503 676 558 vivo,
708 518 833 549 nemo
860 505 945 550 fere
968 505 1210 564 ignorabat,
1243 512 1309 559 et,
1340 519 1418 549 eo·-

319 578 416 623 dem
471 587 637 624 mortuo
661 612 675 635 ,
732 581 894 640 planius
955 582 1078 627 etiam
1124 581 1415 626 intelleximus.

319 658 465 716 Qualis
488 658 554 702 ille
570 665 677 704 esset
702 665 742 703 et
760 673 884 715 quam
909 658 1044 703 bonus
1060 690 1072 712 ,
1086 658 1152 703 Tu
1168 690 1180 712 ,
1193 656 1421 702 clarissime

315 735 356 780 H
369 750 391 780 e
404 751 465 780 us
479 735 553 779 di!
571 735 616 779 in
646 735 831 780 eruditae
849 737 1086 780 Societatis
1106 736 1418 778 Rheno-Tra-

310 815 508 867 iectinae
539 820 767 867 conventu,
795 813 853 857 ita
874 812 998 856 nobis
1022 826 1108 857 non
1136 810 1421 870 descripsisti,

316 891 390 936 sed
435 890 632 950 pinxisti,
688 897 734 934 ut
770 888 963 948 imaginis
979 921 992 942 ,
1037 903 1161 945 quam
1205 887 1390 932 ducebas
1405 917 1419 940 ,

315 967 583 1026 simplicitas,
624 965 776 1011 veritas
795 997 808 1019 ‚
868 963 1071 1021 elegantia
1107 964 1265 1021 ipsius,
1296 975 1421 1019 quem

312 1044 440 1089 nobis
484 1042 829 1103 repraesentabas
844 1072 856 1094 ‚
906 1039 997 1085 Viri
1043 1039 1227 1083 indolem
1267 1037 1424 1082 referre

312 1121 535 1166 videretur.
594 1117 815 1177 Duplicem
837 1117 904 1161 Tu
935 1132 960 1160 a
992 1117 1115 1160 nobis
1143 1114 1319 1173 gratiam
1350 1115 1422 1158 in·-

311 1198 420 1254 iisti3
450 1204 491 1241 et
520 1195 635 1253 quod
656 1194 713 1245 ita
738 1194 789 1238 de
827 1192 1030 1237 Curatore
1056 1199 1205 1237 nostro
1241 1191 1422 1243 dixeris,

316 1281 359 1318 et
393 1272 508 1331 quod
550 1272 662 1315 dicta
700 1269 855 1329 publici
883 1269 984 1327 juris
1012 1269 1202 1313 facienda
1243 1281 1420 1312 curave-

312 1350 395 1403 ris,
427 1362 653 1408 eorumque
686 1346 957 1404 legendorum
997 1345 1161 1405 copiam
1189 1344 1314 1389 nobis
1341 1343 1421 1388 de·-

315 1427 440 1471 deris.
487 1423 590 1484 (34)
649 1424 824 1481 Qualem
859 1422 984 1481 igitur
1004 1454 1016 1476 ‚
1047 1421 1299 1466 Auditores!
1341 1420 1421 1464 Vi-

312 1519 405 1548 rum
431 1501 635 1561 optimum
659 1500 848 1543 universe
867 1499 989 1542 nobis
1015 1497 1255 1542 informavit
1280 1497 1423 1542 Colle-

311 1595 364 1639 ga
383 1585 550 1632 noster3
584 1577 705 1621 talem
724 1608 735 1629 ‚
750 1577 794 1618 in
811 1575 1061 1619 Academiae
1078 1573 1314 1631 singulatim
1347 1587 1422 1616 re-

310 1657 392 1701 bus
420 1653 743 1706 curandis,sese
768 1651 985 1712 praestitit.
1045 1651 1164 1696 Hanc
1205 1651 1313 1695 enim
1344 1663 1423 1694 cu·-

310 1748 403 1777 ram
419 1730 640 1786 ,continuo
655 1736 754 1787 post
781 1727 1033 1771 Academiae
1062 1727 1421 1781 instaur-adonem,

310 1806 631 1856 Beaufortio
659 1804 979 1856 demandatam,
1023 1817 1116 1846 cum
1153 1802 1420 1847 nobilissimis

307 1888 400 1945 ipse
441 1882 625 1941 suscepit
657 1880 860 1937 Collegis,
905 1879 975 1936 qui
1011 1886 1099 1923 tum
1139 1887 1284 1935 erant3
1323 1880 1420 1937 qui-

307 1963 390 2006 bus
425 1973 524 2005 vcro
555 1957 750 2002 omnibus
791 1955 1056 2015 superstitem
1097 1972 1188 2000 eum
1226 1957 1415 2003 vidimus.

310 2040 450 2096 Atque
479 2035 533 2080 ad
573 2034 656 2077 hoc
683 2034 770 2091 ejus
802 2047 950 2077 munus
986 2047 1138 2077 novum
1164 2042 1312 2092 postea
1343 2048 1419 2078 ac-

312 2114 435 2160 cessit
468 2110 642 2156 honoris
679 2117 991 2163 ornamentum,
1024 2124 1145 2165 cum,
1177 2126 1330 2170 magno
1361 2113 1419 2157 illi

310 2194 345 2238 P
362 2188 653 2249 erponche
669 2187 755 2230 rio
787 2201 1003 2230 successor
1027 2187 1148 2231 datus
1163 2220 1174 2240 ‚
1207 2189 1419 2247 amplissi-

310 2267 369 2311 mi
410 2263 580 2322 Collegii
612 2266 811 2305 Praeses
839 2262 1058 2306 diceretur.
1121 2262 1244 2307 Hisce
1280 2273 1415 2310 autem

312 2341 534 2402 postremis
563 2340 703 2394 annis,
741 2353 834 2384 cum
872 2339 1045 2384 caeteris
1073 2339 1291 2386 defunctus
1307 2349 1414 2387 esset

1328 2433 1414 2477 pu-
