1483 2860
276 275 348 312 194
505 257 1182 299 COMMENTATIO

273 371 418 409 indoles
433 369 467 404 C
483 382 504 407 u
520 370 691 406 ‘ielmo
719 369 808 406 adeo
832 368 1042 405 innotuerat
1058 376 1124 414 ‚ut
1146 368 1177 404 ei
1205 366 1312 405 fidem
1327 367 1405 404 ha·-

279 441 365 477 bere
392 440 496 477 nullo
519 439 643 486 modo,
663 438 803 486 posset.
858 438 944 488 Qui,
972 439 1066 475 enim
1096 449 1200 476 antea
1218 466 1230 484 ‚
1258 438 1394 476 summa

280 509 557 558 perfflmusus,
586 507 743 556 pristina
766 506 915 546 foedera
930 508 1292 555 Belgarumquejura
1314 516 1393 551 tur-

279 580 375 627 piter
407 580 634 625 violaverat3
666 577 758 624 quid
786 579 919 625 quaeso
940 578 984 615 ab
1013 577 1196 627 ejusmodi
1224 588 1309 625 rege
1333 588 1395 614 ex-

279 650 440 698 spectare
466 647 626 686 licebat?
665 648 869 696 Quomodo
889 674 901 693 ,
924 647 989 685 etfi
1020 659 1158 684 novum
1196 646 1397 684 sanciretur

281 720 413 767 ,foedus
431 748 444 766 ‚
473 720 503 756 ei
528 720 674 756 credere
690 718 885 765 quisquam
918 718 1056 766 posset.
1112 718 1298 756 Praeterea
1323 717 1401 754 bel-

284 792 361 837 lum
392 801 469 827 non
495 798 629 826 temere
662 788 870 836 susceperat
896 787 1126 834 Gulielm
1143 798 1215 826 us,
1269 776 1400 834 Belga-

283 873 364 915 rrum
402 861 485 909 jura
519 859 654 896 intacta
679 859 853 903 reddere⁹
893 857 1157 905 cogitandique
1188 855 1394 894 libertatem

283 931 329 978 iis
360 930 554 970 ,vindicare
578 928 808 976 summopere
832 927 952 965 enisus
977 936 1048 965 est.
1104 926 1205 964 Haec
1243 926 1288 964 ab
1328 925 1400 964 ini-

283 1001 336 1040 tio
361 999 429 1039 fibi
453 1000 720 1048 proposuerat,
748 1000 836 1036 haec
876 996 1062 1036 indefesso
1088 997 1216 1035 labore
1244 1004 1280 1033 et
1305 1007 1398 1033 con-

283 1071 423 1120 stantia⁴
440 1071 667 1119 appetiverat
698 1077 812 1117 atque
835 1069 934 1116 apud
962 1068 1123 1106 animum
1159 1066 1401 1105 constituerat

282 1152 357 1178 non
393 1141 497 1189 prius
540 1140 585 1177 ab
623 1139 734 1177 armis
767 1140 954 1177 discedere
978 1167 992 1185 ‚
1042 1149 1152 1184 quam
1190 1135 1397 1174 institutum

280 1211 386 1259 suum
423 1209 647 1258 perfecisset.
700 1210 830 1256 Itaque
857 1208 1040 1246 Ordinum
1073 1206 1183 1256 legati
1211 1205 1400 1253 cogitandi

278 1282 483 1322 libertatem
511 1290 595 1318 ante
625 1279 749 1317 omnia
771 1277 952 1316 urserunt.
1008 1277 1128 1327 Quam
1157 1286 1272 1323 quum
1295 1275 1401 1312 nullo

279 1361 391 1400 pacto
430 1350 632 1388 concedere
667 1350 777 1387 vellet
815 1348 1120 1395 Philippus,
1161 1345 1401 1393 Imperatoris

281 1429 438 1470 conatus
462 1432 543 1458 eum
560 1448 574 1466 ,
602 1430 711 1467 quem
732 1417 966 1465 speraverat,
995 1416 1134 1463 exitum
1157 1415 1291 1453 habere
1323 1426 1401 1452 non

281 1500 484 1540 potuerunt
508 1491 592 1538 (1).
645 1489 774 1535 Itaque
807 1487 955 1524 minime
980 1498 1078 1534 opus
1104 1495 1162 1523 est
1178 1514 1190 1533 ‚
1218 1494 1260 1523 ut
1289 1497 1403 1534 quae-

282 1573 433 1608 ramus,
475 1571 563 1599 num
607 1559 828 1597 Gulielm
845 1569 898 1594 us
936 1556 987 1594 rei
1025 1555 1108 1594 suae
1143 1555 1307 1604 privatae
1346 1566 1402 1592 ra-

283 1632 418 1676 tionem
463 1631 630 1676 habens,
660 1640 786 1677 pacem
824 1626 1057 1677 flagitaverit.
1111 1626 1256 1664 Multae
1301 1636 1405 1675 prae·

282 1710 380 1743 terea
397 1728 409 1747 ‚
437 1712 576 1748 eaeque
599 1698 649 1738 sat
678 1710 808 1748 graves
829 1698 976 1735 aderant
1000 1695 1126 1734 causae
1141 1724 1156 1744 ‚
1184 1706 1298 1743 quare
1323 1695 1407 1733 Bel-

284 1782 348 1819 gae
364 1770 429 1812 ino
457 1780 624 1817 tempore
649 1780 734 1807 cum
756 1780 839 1817 rege
858 1766 1093 1804 concordiam
1120 1764 1293 1803 conferre
1320 1775 1400 1802 om-

281 1840 374 1888 uino
408 1850 485 1876 non
522 1838 731 1886 potuerint.

282 1944 290 1954 ,
334 1909 477 1947 Eodem
513 1917 680 1957 tempore
721 1918 804 1945 cum
838 1906 1100 1945 Gulielmo
1144 1904 1287 1943 seorfim
1325 1905 1400 1954 egit
1452 1922 1455 1925 Δ

1293 1975 1409 2013 Phi-

321 2110 379 2149 (ι)
400 2111 472 2140 Vid.
494 2111 547 2138 De
569 2110 728 2145 Tassis,
750 2111 809 2145 Op.
832 2111 854 2137 1.
876 2117 943 2144 pag.
964 2111 1033 2146 348.
1049 2109 1093 2144 sq.
1114 2123 1152 2130 —
1171 2110 1264 2145 Bor,
1290 2109 1352 2144 Op.
1384 2109 1407 2139 1.

291 2169 378 2197 Libr.
405 2168 487 2196 Xlll.
507 2167 564 2196 fol.
586 2174 651 2202 104.
674 2165 719 2200 sq.
741 2176 782 2190 ι-
802 2164 989 2200 Grmius,
1016 2164 1075 2200 Op.
1090 2166 1113 2193 1.
1131 2172 1197 2200 pag.
1214 2167 1264 2195 61.
1286 2165 1333 2200 sq.
1362 2178 1398 2187 -—

291 2223 439 2255 Hooft,
473 2223 578 2257 op.1.
606 2229 673 2256 pag.
697 2223 765 2258 640.
798 2220 841 2255 sq.
874 2237 915 2244 —
951 2220 1242 2257 Bentivoglio,
1285 2222 1344 2257 Op.
1375 2222 1402 2251 1.

294 2288 362 2316 pag.
381 2289 448 2316 317·
467 2281 510 2315 fq.
541 2280 588 2302 —'
607 2278 830 2312 Dinothus,
858 2277 917 2312 Op.
945 2278 967 2306 1.
996 2285 1062 2314 pag.
1089 2278 1160 2312 306.
1187 2277 1232 2314 sq.
1260 2294 1295 2306 -.
1319 2278 1402 2308 Van

288 2341 501 2373 Metu-eu,
522 2336 706 2373 op.1.1u.
727 2343 795 2370 pag.
817 2336 884 2364 280.
903 2334 969 2369 sqq.

1258 2430 1264 2449 ί

1481 2167 1483 2201 4
