1560 2860
477 243 859 290 ORATlo.
1185 244 1212 289 9

123 385 340 430 cacissima
384 385 423 429 vi
459 384 665 443 explicare
699 383 897 427 laborat?
963 382 1108 438 Itaque
1141 381 1217 426 has

119 462 380 521 potissimum
413 461 564 519 ingenii
594 459 932 520 philosophantis
963 458 1223 515 disquisitio-

119 551 215 590 nes,
241 537 422 581 Historia
447 537 549 589 duce
566 569 577 590 ,
609 537 908 594 contempletur
928 542 1096 594 oportet
1111 535 1221 594 Psy-

122 613 340 671 chologiae
365 613 596 666 studiosus,
620 613 716 669 qui,
733 612 945 670 quomodo
969 612 1023 655 ad
1050 611 1223 670 sapien-

121 690 203 734 tiae
237 704 376 734 arcem
400 688 750 749 perspicacissimi
787 689 941 746 quique
969 689 1103 733 omnis
1136 688 1226 733 aevi

67 767 69 770 ⁴
125 766 216 810 Viri
253 766 359 810 enixi
393 766 501 819 sint,
545 766 667 820 item,
725 765 827 823 quid
867 780 1011 810 eorum
1053 779 1228 810 acumen

125 842 239 886 haud
277 858 375 887 raro
413 842 638 897 retuderit,
670 843 767 887 velit
799 843 1012 902 indagare.

172 921 238 965 Ex
251 921 566 979 quamplurimis
579 953 591 974 ,
609 934 714 977 quae
736 920 818 964 hoc
838 920 880 962 in
898 935 1046 978 genere
1062 919 1234 964 excitari

132 997 318 1056 possint,
334 997 757 1041 animadversionibus
774 1011 928 1054 paucas
942 1029 953 1050 ,
983 996 1109 1054 agite!
1132 1010 1235 1055 spe-

134 1073 296 1116 ciminis
321 1074 418 1116 loco
435 1105 446 1126 ,
462 1072 704 1132 prodamus.
736 1072 912 1116 Juvatne
927 1073 1050 1131 igitur
1070 1072 1234 1125 videre,

132 1164 260 1206 quam
290 1149 395 1202 vim,
421 1149 465 1191 in
494 1148 849 1207 Philosophorum
875 1150 1029 1208 placita
1064 1150 1115 1193 de
1143 1149 1238 1193 Deo

133 1225 446 1284 praeparanda,
475 1225 629 1269 habeat
654 1226 875 1270 educatio?
922 1226 1238 1285 Epicurum

137 1309 336 1360 spectate.
396 1302 596 1346 Puerulus
625 1302 721 1356 hic,
751 1303 918 1360 jubente
947 1310 1100 1355 matre,
1131 1316 1241 1366 quae

138 1386 248 1423 artes
286 1378 502 1423 factitabat
530 1380 738 1437 magicas,
769 1379 1011 1423 incantandi
1041 1379 1241 1422 formulas

130 1456 312 1500 recitare
350 1456 562 1501 debuerat.
596 1456 667 1516 (lt)
729 1457 815 1501 Nec
849 1471 948 1500 sane
976 1456 1246 1514 inexspecta-

139 1540 227 1577 tum
266 1533 386 1578 vobis
426 1533 604 1587 accidet,
651 1534 791 1578 adulta
834 1549 925 1577 eum
969 1540 1101 1577 aetate
1144 1533 1246 1576 reli-

143 1610 255 1669 gioni
306 1610 432 1654 fuisse
479 1609 831 1662 inimicissimum,
888 1617 928 1653 et
982 1610 1114 1652 nullas
1158 1622 1246 1652 non

142 1687 306 1746 generis
363 1687 534 1730 humani
588 1702 805 1731 aerumnas
860 1701 907 1729 ex
955 1684 1249 1744 superstitione

143 1764 391 1824 repetendas
427 1762 605 1808 duxisse.
654 1784 703 1795 -
763 1764 901 1820 Atque
939 1762 1022 1806 hoc
1063 1762 1136 1806 ubi
1181 1777 1249 1808 me

145 1848 540 1887 commemorantem
582 1832 791 1893 audiistis,
861 1838 952 1884 Viri
994 1837 1248 1882 doctissimi!

147 1921 340 1966 Vestrum
366 1918 553 1963 nonnulli
587 1925 737 1976 sponte
773 1918 876 1970 sua,
914 1923 1043 1975 puto,
1083 1915 1128 1958 in
1159 1930 1253 1959 me-

146 1997 324 2043 moriam
369 1996 582 2040 redierunt
626 1995 921 2053 Diagorae
968 1992 1075 2037 illius
1113 1992 1253 2046 Meni,

150 2061 268 2132 cujus
317 2073 598 2118 adolescentia
635 2072 833 2131 depressa
869 2072 1003 2115 fuerat
1042 2068 1256 2114 crassissi-

150 2153 244 2202 ma,
287 2166 310 2196 e
348 2150 498 2210 puerili
535 2149 794 2194 institutione
832 2148 1005 2199 hausta,
1051 2144 1257 2205 supersti-

153 2228 292 2282 tione,
322 2229 522 2274 maturior
559 2241 659 2273 vero
688 2234 801 2271 aetas
833 2223 1110 2269 audacissimo
1144 2223 1258 2266 infa-

156 2312 270 2350 mata
291 2313 353 2350 est
367 2306 598 2351 Atheismo.
618 2303 691 2365 (5)
723 2304 1017 2349 Verumtamen
1039 2301 1158 2359 vulgo
1174 2313 1256 2343 no·-

1176 2375 1259 2419 tio-
