1483 2860
376 246 887 290 LITERARIA.
1135 255 1186 299 9?

68 357 238 401 lielmi
287 359 386 399 bona
426 366 699 408 occupaverat,
739 356 944 406 ipsumque
979 355 1186 407 principem

64 430 295 470 intoleranda
330 428 464 480 injuria
488 438 525 467 et
560 427 789 467 contumelia
822 426 1081 476 lacesfiverat,
1119 426 1184 466 hic

60 501 217 551 proprie
253 499 355 539 nulla
394 498 605 537 obedientia
635 499 810 547 regisque
849 496 1056 536 reverentia
1087 507 1192 535 tene-

67 571 194 609 batur.
271 570 424 620 Quare,
451 570 586 619 rejecta
634 568 736 607 omni
762 568 1032 617 temperantia,
1070 566 1192 605 οιῑιηί-ι

66 652 143 690 que
169 639 349 688 obsequio
376 639 454 688 regi
478 639 682 686 denegato,
709 649 807 676 arma
833 645 964 675 contra
988 635 1132 676 Phili
1148 648 1193 684 p-‘

65 717 183 760 pum
209 719 354 749 vertere
375 711 459 759 J'ure
484 708 552 747 suo
579 706 780 757 potuisset.
833 707 975 745 Verum
1001 718 1086 745 ecce
1122 705 1194 744 mi·

67 790 144 819 ram
168 781 291 819 eximii
319 780 391 820 viri
417 780 708 820 moderationem
743 779 851 819 fimul
878 789 915 818 et
939 780 1193 830 prudentiam.

67 851 161 890 Non
185 851 313 899 enim,
342 851 399 890 uti
426 852 500 901 J‘am
537 862 582 888 ex
619 851 850 900 diplomate,
894 852 998 900 quod
1034 851 1197 890 Ludo-

69 921 177 960 vico
205 920 313 959 fratri
335 920 531 959 tradiderat
557 919 626 970 (1)
651 919 737 957 satis
778 928 905 969 patere
930 927 1103 969 poterat,
1132 919 1198 958 ad-

71 989 200 1029 versus
232 1002 356 1040 regem
382 989 523 1028 bellum
544 1001 694 1038 gerere,
722 989 784 1028 sed
806 990 1063 1039 Hispanorum
1090 987 1199 1027 effre-

72 1069 179 1099 natae
217 1060 255 1100 vi
300 1055 335 1099 se
377 1069 571 1110 opponere
604 1061 830 1099 decreverat.
897 1059 952 1098 Hi
989 1060 1084 1099 enim
1117 1057 1202 1098 foe·

76 1131 161 1169 dera
177 1158 191 1177 ,
255 1130 395 1179 quibus
443 1130 768 1179 obstringebantur
817 1137 1031 1180 rumpentes
1081 1130 1200 1180 privi-

75 1196 247 1249 legiaque
270 1228 284 1248 ,
341 1200 481 1248 quibus
539 1201 672 1250 Belgae
712 1201 921 1250 gaudebant
946 1227 960 1248 ,
1010 1201 1204 1250 negligen-

75 1277 156 1317 tes,
195 1269 335 1309 summa
356 1270 601 1319 crudelitate,
630 1271 857 1320 minimeque
889 1265 1040 1310 ferenda
1065 1270 1201 1321 injuria

75 1336 116 1378 in
142 1340 244 1379 cives
283 1341 455 1391 quotidie
491 1341 730 1389 saeviebant,
765 1353 830 1380 eos
867 1341 1044 1379 omnibus
1077 1340 1200 1379 modis'

76 1410 282 1459 vexabant,
330 1411 444 1450 immo
471 1410 649 1451 servitute
688 1420 724 1450 et
762 1411 878 1450 exitio
917 1410 1199 1452 minitabantur.

74 1481 183 1531 Quae
206 1481 331 1520 omnia
355 1491 551 1530 tantopere
572 1493 592 1520 a
616 1482 756 1530 patriae
787 1480 902 1521 salute
924 1481 1203 1530 abhorrebant,

75 1560 120 1589 ut
155 1550 357 1589 necessario
398 1552 437 1590 vi
474 1552 682 1601 repellenda
718 1551 854 1592 essent.
919 1553 1059 1592 Patriae
1089 1544 1206 1602 igitur

79 1620 175 1659 salus
201 1619 262 1658 sua
280 1620 506 1669 civibusque
526 1623 608 1671 jura
633 1623 814 1662 reddenda
841 1634 958 1663 erant.
1012 1620 1100 1663 Hoc
1123 1631 1209 1663 tan.

76 1699 159 1730 tum
177 1689 319 1729 efficere
345 1690 540 1739 studebat,
567 1692 663 1730 nihil
690 1692 839 1742 insuper
864 1694 1055 1743 cupiebat.
1097 1696 1206 1734 Hanc

79 1761 130 1799 ob
161 1761 303 1800 causam
352 1771 450 1800 arma
485 1763 630 1801 tamdiu
667 1775 792 1812 gerere
828 1764 1050 1813 constituit,
1089 1767 1210 1804 donec

84 1825 270 1875 Hispani,
311 1827 370 1865 vel
400 1825 461 1864 sua
486 1825 643 1875 sponte,
682 1829 743 1866 vel
768 1840 956 1867 armorum
993 1829 1032 1868 vi
1058 1829 1210 1879 coacti,

82 1894 318 1942 a·perverfis
352 1894 428 1933 suis
460 1897 750 1935 et'truculentis
791 1897 955 1936 consiliis
990 1898 1213 1938 absisterent

82 1972 120 2003 et
155 1966 201 2003 ad
227 1966 378 2003 meliora
402 1974 689 2006 reverterentur.
744 1968 942 2007 Caeterum
969 1980 1091 2020 regem
1127 1968 1214 2008 Bel-

85 2034 137 2083 gii
165 2035 338 2073 comitem
373 2044 410 2074 et
447 2026 640 2076 deminum
666 2038 789 2076 colere
813 2034 924 2088 eique
947 2038 1013 2078 ubi
1038 2040 1211 2090 deceret,

26 2153 29 2157 Ι
84 2104 237 2142 obedire
261 2114 411 2153 paratus
447 2116 538 2146 erat,

139 2174 243 2221 Sed,
281 2184 435 2223 quaeret
462 2177 561 2216 forte
595 2178 806 2227 quispiam,
849 2181 1039 2228 quomodo
1079 2180 1214 2220 haecce

133 2256 135 2262 ’
1122 2252 1158 2291 G
1175 2264 1217 2290 uz

131 2320 186 2358 (ι)
207 2323 279 2354 vla.
302 2326 401 2364 nor,
424 2329 485 2366 op.
506 2330 529 2360 1.
550 2330 619 2360 Lib.
635 2313 702 2362 th.
725 2341 794 2369 pag.
819 2337 890 2369 ¹65·

640 2388 680 2427 G
