1483 2860
356 295 861 344 LITERAIMA.
1098 293 1167 338 ιε,

548 409 585 457 §-
638 418 676 454 7·

104 536 414 577 Austriacus
441 530 636 574 omnium,
676 537 770 575 quae
803 522 1046 572 gerebantur,
1072 524 1164 553 con.

53 608 148 648 scius
176 614 370 646 veteranos
397 601 508 639 Italos
527 627 539 645 ‚
567 598 788 644 Hispanos,
816 591 947 629 Gallos
965 616 977 633 .,
1005 595 1042 623 et
1067 583 1163 620 Ger-

53 687 181 716 manos
203 673 352 721 collegit
382 680 492 718 atque
526 668 574 705 ita
608 675 780 712 magnum
821 658 1019 698 exercitum
1061 663 1164 691 com·

54 746 211 797 paravit.
278 741 565 781 Gulielmus
609 733 739 779 omni,
793 741 865 777 qua
902 724 1056 776 potuit,
1108 722 1164 759 in·

54 816 195 855 dustria
227 813 354 861 copias
398 808 619 852 contraxit,
675 801 909 846 Ordinesque
947 796 1163 834 adhortatus

56 895 140 933 est,
168 894 208 923 ut
249 893 375 920 omnes
409 878 506 917 vires
544 876 589 913 ad
626 869 874 912 Austriac
890 878 962 904 um
988 864 1166 912 repellen-

55 958 142 995 dum
181 962 217 991 et
249 948 517 1000 profligandum
555 943 801 981 intenderent.
868 937 1008 974 Verum
1045 932 1165 969 reluc-

55 1033 155 1063 tante
197 1021 460 1060 nonnullorum
506 1013 642 1052 invidia
692 1020 728 1048 et
777 1008 958 1047 Ordinum
996 1001 1126 1040 inertia
1149 1027 1164 1047 ‚

59 1094 161 1142 quod
192 1090 336 1135 voluit,
374 1087 513 1124 efficere
540 1094 616 1121 non
655 1079 795 1129 potuit.
853 1073 1031 1115 Exercitu
1068 1070 1165 1108 enim

60 1165 222 1202 nondum
250 1168 376 1207 parato
392 1151 412 1203 ,“
439 1157 473 1194 A
490 1152 697 1191 ustriac
716 1160 772 1186 us
808 1153 959 1194 repente
997 1139 1169 1185 advenit,

58 1234 171 1272 aciem
209 1229 364 1273 struxit,
405 1236 490 1263 cum
525 1221 652 1260 invitis
690 1218 870 1267 proelium
911 1210 1093 1251 commisit
1133 1216 1169 1245 et

59 1305 182 1343 victor
213 1298 349 1338 exstitit
379 1297 462 1345 (1).

114 1373 193 1410 Hac
229 1369 329 1407 clade
364 1372 542 1411 accepta,
582 1361 748 1408 plerique
785 1355 918 1403 Belgae
964 1348 1068 1389 omni
1109 1346 1172 1395 spe

65 1443 301 1485 exciderunt,
354 1436 481 1474 turbas
521 1438 742 1475 moverunt,
789 1432 984 1470 tantaeque
1026 1416 1175 1457 calami·

65 1513 150 1551 tatis
200 1509 338 1547 causam
394 1505 432 1541 in
492 1500 652 1540 Ordines
706 1497 958 1535 contulerunt.
1039 1489 1170 1534 Itaque

65 1593 164 1621 nova
224 1575 431 1624 respublica
474 1573 595 1609 denuo
653 1564 882 1609 corruisset,
954 1559 1019 1598 nifi
1070 1557 1170 1595 Gu-

71 1653 282 1690 lielmus
333 1645 365 1682 ei
413 1640 629 1680 auctoritate
671 1636 732 1674 sua
784 1645 824 1672 ac
868 1628 1060 1679 prudentia
1099 1624 1176 1662 suf-

76 1721 240 1768 fragatus
296 1713 402 1752 esset.
479 1711 552 1749 Hic
602 1707 697 1745 enim
724 1699 1053 1755 {admonitionibus
1100 1694 1174 1733 suis

69 1792 198 1835 cives,
245 1787 289 1824 de
322 1783 457 1833 patriae
495 1779 605 1818 salute
639 1785 780 1825 praeter
817 1771 965 1809 modum
997 1765 1175 1804 sollicitos

72 1855 319 1909 in'meliorem
361 1851 459 1899 spem
493 1847 671 1891 adduxit,
711 1854 821 1891 atque
855 1839 972 1887 copiis
999 1847 1043 1874 ex
1086 1835 1181 1872 Hol-

73 1920 190 1969 landia
245 1934 281 1963 et
328 1921 520 1960 Zeelandia
571 1915 777 1959 arcesfitis,
840 1910 951 1948 urbes
1005 1904 1177 1943 munivit.

72 1994 257 2041 Praeterea
291 1994 451 2032 Ordines
486 1986 747 2031 commonuit,
789 1992 829 2019 ut
868 1988 1008 2017 tantum
1048 1972 1186 2012 exerci-

77 2082 156 2111 tum
175 2067 397 2107 instruerent
424 2090 436 2110 ,
462 2067 598 2108 quanto
622 2056 656 2094 se
679 2065 756 2093 non
779 2060 923 2090 tantum
947 2056 1075 2084 contra
1097 2043 1186 2080 Au-

1037 2125 1054 2151 s
1070 2121 1084 2150 t
1099 2124 1116 2150 r
1128 2123 1140 2148 1
1153 2123 1190 2149 a·

120 2232 173 2265 (ι)
194 2227 264 2255 Vid.
288 2226 341 2254 De
369 2218 527 2255 Tassis‚
549 2219 608 2252 op.
630 2218 651 2244 1.
672 2221 736 2250 pag.
754 2219 820 2246 0190.
840 2210 884 2244 sq.
909 2222 950 2229 —-
976 2207 1059 2238 Bor,
1080 2203 1140 2236 Op.
1164 2202 1185 2228 1.

54 2308 57 2311 .
84 2282 248 2314 Libnxll.
267 2281 323 2307 fol.
349 2286 392 2306 12.
405 2278 468 2312 sqq.
492 2292 518 2296 -
540 2270 750 2305 Hooft,op.
774 2268 794 2294 Ι.
817 2272 883 2300 pag.
905 2270 972 2297 554·
984 2257 1189 2294 sq.-1⁵en-

86 2334 282 2368 ιίνοςιίο,
306 2334 362 2365 Op.
384 2333 405 2358 Ι.
430 2338 493 2365 pag.
515 2331 580 2356 280.
603 2326 649 2359 sq.
677 2340 715 2345 -
738 2319 959 2350 Dinothus‚
989 2313 1051 2346 Op.
1073 2311 1094 2338 Ι.
1121 2316 1188 2344 pag.

89 2395 156 2422 260.
181 2389 224 2423 sq.
253 2401 288 2407 —
309 2387 387 2414 Van
407 2384 616 2416 Menneu,
639 2381 696 2415 Op.
718 2379 739 2407 1.
764 2374 818 2403 111.
842 2377 908 2406 pag.
927 2378 975 2405 92.
996 2366 1041 2401 sq-
