1483 2860
407 144 845 195 JURIDICA.
1143 151 1193 196 65

77 263 149 294 tam
194 253 395 294 cessionem
436 255 677 294 instrumento
716 253 931 293 authentico
972 254 1191 304 acceptavit.

75 333 144 363 art.
177 327 275 374 1690
299 324 358 374 sq.
386 324 469 374 (1).

74 439 96 446 ,Ι
122 394 266 445 Quarta
302 407 322 433 a
358 396 484 444 regula
520 394 690 443 exceptio
724 395 762 433 in
799 403 869 433 art.
903 406 1014 442 1¹41·
1046 405 1188 443 propo-

71 464 200 513 nitur3
229 476 313 504 nam
340 466 463 513 quoad
485 465 637 503 mobilia
663 464 807 503 ratione
830 463 930 503 tertii
957 464 994 501 vi
1021 474 1186 502 conven-

70 534 188 575 tionis
209 536 416 575 dominium
445 546 522 574 non
565 534 800 574 transfertur.
854 533 932 573 Ubi
964 533 1049 581 quis
1087 535 1184 572 enim

69 606 243 654 pluribus
283 604 353 645 sese
390 605 572 655 obligavit
612 607 657 644 ad
692 607 840 643 eandem
880 613 955 642 rem
1008 603 1184 642 mobilem

75 677 315 724 tradendam,
367 676 398 714 is
447 677 509 715 cui
547 674 652 726 prius
688 674 822 713 tradita
860 682 916 712 est
953 673 1184 723 praefertur,

73 746 161 785 licet
197 747 332 785 titulus
369 747 449 795 ejus
483 745 526 785 sit
561 745 772 794 recentior,
805 745 892 783 dum
931 744 1045 784 modo
1085 744 1126 784 b.
1148 742 1181 782 f.

71 815 319 865 acquisiverit.
358 817 458 855 Nam
497 818 558 856 hic
585 818 685 856 valet
719 817 868 865 regula:
898 845 929 866 ‚,
957 803 1004 855 en
1043 814 1111 854 fait
1138 816 1184 855 de

71 913 103 934 „
128 887 298 925 meubles
343 887 378 925 la
414 873 623 936 possession
658 873 747 926 vaut
794 888 880 925 titre
904 887 930 903 ’⁹
970 896 1041 927 art.
1080 897 1181 936 2279

71 956 172 1014 Cod.
196 957 288 996 Civ.
324 958 431 1007 cujus
459 957 636 1005 paroemii
660 956 764 995 causa
786 958 823 995 in
845 955 1006 995 utilitate
1034 956 1183 1006 publica

70 1036 126 1065 est
143 1028 374 1076 quaerenda,
393 1027 506 1065 libera
530 1027 668 1066 scilicet
692 1039 811 1067 rerum
836 1038 958 1065 earum
987 1025 1181 1066 circulatio

63 1097 158 1135 illud
191 1097 352 1145 flagitare
384 1096 557 1144 videtur,
585 1109 668 1142 cum
706 1098 904 1136 admodum
929 1096 1076 1136 difficile
1097 1105 1179 1145 est,

66 1176 128 1204 eas
156 1166 196 1204 in
223 1166 368 1214 judicio
403 1165 573 1215 persequi
611 1175 648 1204 et
680 1167 925 1216 dignoscere,
953 1167 980 1206 fi
1014 1179 1035 1206 a
1067 1166 1178 1206 tertio

63 1235 336 1284 posfideantur.
389 1236 578 1274 Praeterea
610 1238 746 1274 multae
776 1236 861 1274 lites
892 1236 1179 1285 praeciduntur,

62 1317 219 1353 quarum
251 1305 393 1344 sumtus
421 1314 457 1343 et
493 1305 669 1354 expensae
715 1307 827 1355 longe
864 1292 1076 1357 superarent
1116 1319 1182 1348 va-

62 1375 180 1413 lorem
220 1374 334 1424 ipsius
371 1375 425 1413 rei
469 1375 620 1414 mobilis
656 1377 740 1426 (2).
819 1376 1030 1417 Praefertur
1064 1379 1180 1428 igitur

63 1445 199 1484 tertius
231 1444 443 1495 possessor,
482 1447 596 1485 modo
633 1456 760 1486 tarnen-
792 1447 829 1485 in
863 1447 962 1487 bona
999 1449 1072 1488 fide
1108 1448 1177 1500 fit,

64 1514 103 1554 id
138 1523 221 1564 est,
269 1524 313 1555 ut
359 1515 585 1564 ignoraverit
629 1529 705 1555 rem
755 1519 859 1556 alteri
907 1519 1057 1569 deberi,
1106 1528 1178 1561 art.

70 1596 186 1635 1141.
239 1586 356 1626 Porro
388 1598 478 1625 vero
526 1587 634 1625 etiam
671 1587 896 1637 requiritur,
935 1598 979 1627 ut
1015 1600 1075 1628 res
1111 1601 1180 1630 nec

52 1655 197 1699 'amissa
223 1655 416 1695 nec-furto
444 1656 564 1696 ablata
585 1656 630 1695 fit
657 1666 726 1698 art.
751 1670 874 1708 22793
896 1648 1076 1698 narn¹tum
1101 1668 1180 1698 tan-

67 1732 147 1763 tum
185 1726 237 1764 rei
265 1725 464 1764 vindIcatio
504 1727 751 1774 conceditur,
790 1739 864 1775 qua
899 1728 964 1776 qui
990 1729 1045 1767 uti
1071 1730 1204 1783 vult&

42 1797 197 1840 ,malam
222 1795 357 1843 fidem,
383 1796 613 1835 amissionem
651 1807 714 1835 aut
754 1797 897 1838 furtum
932 1800 1090 1848 probare
1126 1809 1180 1838 te-

59 1873 191 1912 ,netun
254 1865 297 1904 In
337 1865 419 1903 aliis
458 1878 548 1905 vero
586 1865 702 1906 causis
748 1868 799 1906 rei
841 1869 1041 1908 vindicatio
1081 1871 1181 1911 haud

42 1934 309 1982 ..conceditur-z
350 1935 477 1985 itaque
512 1937 718 1976 dominium
751 1937 946 1978 mobilium
980 1951 1056 1978 non
1086 1941 1179 1980 hanc

19 2004 178 2058 „habet
218 2004 292 2043 vim
338 2014 381 2044 ut
413 2006 553 2046 tribuat
595 2007 905 2057 vindicationem,
955 2022 1049 2059 quae
1086 2011 1181 2050 nita-

1118 2092 1179 2121 tur

101 2169 156 2206 (ι)
179 2171 400 2208 Zacharia,
424 2174 443 2204 Ι.
461 2175 483 2203 1.
509 2175 717 2213 Tom.11.§.
741 2183 807 2212 359·

99 2225 156 2267 (2)
177 2228 249 2257 Vid.
274 2230 441 2266 Motifs,
463 2232 552 2262 Tom.
578 2233 614 2261 V.
635 2234 676 2262 11⁰·
700 2243 746 2272 59.
768 2242 800 2270 p.
827 2237 872 2264 ιε.

600 2290 633 2328 Ε
