1560 2860
472 276 855 323 ORATIO.
1157 284 1211 326 73

100 412 266 458 catione
304 414 571 460 dimittendus
615 428 707 471 es,'
743 417 1005 463 ornatissime
1046 420 1213 467 Petre

83 506 204 537 ¹>van
246 492 344 537 der
379 492 617 538 Velden!
650 516 701 525 --
762 493 829 538 Tu
867 495 1049 554 primum
1097 497 1212 544 hunc

99 568 191 627 agis
217 568 326 614 vitae
356 569 618 615 academicae
652 586 823 618 annum.
901 573 957 618 Et
984 589 1097 619 nunc
1125 576 1212 634 jam

97 660 224 691 aureo
270 647 461 706 praemio
511 648 626 692 haud
673 648 891 707 indignum
936 651 998 696 Te
1039 651 1212 698 Judjces

96 731 361 770 censuerunt.
428 724 583 770 Laetus
622 725 748 784 igitur
783 727 866 771 hoc
899 735 1040 774 tantae
1076 731 1210 775 laudis

94 801 390 846 documentum
418 802 616 862 accipias.
690 803 762 848 Sic
805 812 944 849 autem
982 806 1026 850 in
1062 808 1210 853 studiis

90 884 245 938 pergas
282 879 555 933 academicis,
585 887 656 933 ut,
689 895 784 926 cum
822 884 972 927 cursfis
1016 883 1118 928 Tui-
1138 884 1212 928 in-

93 969 260 1012 gressus
284 955 344 999 ita
370 964 543 1000 ornatus
568 957 718 1010 fuerit,
749 957 837 1015 ejus
868 967 910 1003 et
938 974 1209 1019 progressum

91 1039 136 1075 et
173 1046 385 1090 egressum
419 1033 582 1089 majora
621 1033 745 1077 etiam
778 1035 932 1081 decora
983 1036 1206 1093 habuisse,

92 1122 238 1153 omnes
269 1109 497 1166 aliquando
525 1109 779 1169 intelligant!

190 1262 436 1307 JUD‘ICIUM
470 1263 681 1308 Ossmms
713 1264 1009 1311 MATHESEOS
1042 1284 1102 1313 ΕΤ

285 1341 660 1386 PHILOSOPHIAE
698 1342 1008 1388 NATURALIS.

139 1493 226 1538 'Ad
256 1496 573 1547 Quaestionem
611 1500 1025 1558 Mccthemfzticam:
1054 1500 1204 1559 Expo-

87 1577 212 1614 natur
235 1571 400 1616 theoria
414 1573 691 1632 Tangentium
717 1575 886 1633 ejusque
919 1592 1017 1621 usus
1037 1609 1049 1630 ,
1067 1594 1204 1621 unam

84 1653 263 1705 accepit
296 1652 423 1693 Ordo
456 1656 900 1705 commentationem,
931 1657 1203 1710 inscriptam

83 1727 231 1770 verbis
248 1727 507 1770 Ciceronis:
535 1726 764 1771 Trahimur
779 1743 924 1772 omnes
952 1729 1087 1773 laudis
1112 1736 1204 1774 stu-

83 1801 155 1846 dio
170 1834 183 1856 ,
214 1809 255 1846 et
276 1802 460 1861 optimus
487 1803 664 1860 quisque
690 1804 821 1863 gloria
847 1805 1024 1850 ducitur.

138 1883 200 1923 In
224 1883 312 1924 hac
336 1885 707 1925 commentatione
738 1884 1044 1938 Tangentiam
1072 1884 1200 1925 theo-

84 1960 159 2000 ria
201 1961 384 2014 petitur
436 1975 490 2001 ex
537 1962 878 2004 considerandis
920 1962 1075 2005 curvis
1110 1977 1201 2016 per

39 2038 44 2046 '
81 2037 200 2078 idem
216 2044 446 2091 punctum
466 2038 991 2094 transeuntibas‚atque
1006 2054 1103 2094 per
1117 2054 1201 2080 ea-
1267 2082 1270 2087 ,

84 2126 188 2153 rum
217 2115 554 2170 aequationem,
586 2115 788 2158 adhibito
816 2116 1044 2170 imprimis
1071 2116 1200 2157 theo-

83 2196 254 2230 remate
287 2191 588 2245 Tayloriano,
620 2193 938 2247 investiganda
976 2194 1201 2252 distantia

69 2272 380 2321 punctorum,
411 2283 526 2324 quae
556 2271 781 2313 communi
808 2269 914 2319 huic
926 2277 1104 2325 puncto
1126 2272 1198 2313 νὶ-

74 2344 184 2387 cina
210 2350 330 2387 sunt.
390 2345 500 2386 Hac
525 2346 599 2390 via
618 2347 787 2402 priore
815 2347 864 2388 in
886 2353 1027 2403 parte
1056 2361 1200 2402 gene-

1116 2436 1200 2466 ru·
