1524 2850
375 274 915 337 ORA‘rlo.
1147 280 1209 326 25

80 418 214 467 dioris
262 418 432 464 dotibus
449 450 463 473 ‚
515 418 570 463 de
605 417 780 463 diversis
817 416 942 462 calcis
983 415 1205 474 generibus

78 497 312 557 perfectam
337 495 419 542 sibi
453 502 672 555 comparet
698 493 904 539 notitiam.
951 492 1068 537 Sciat
1093 506 1208 549 quo-

78 573 210 625 modo
252 588 321 617 res
359 573 454 616 illae
503 571 683 617 invicem
725 571 807 616 sint
861 570 1206 628 conjungendae,

77 657 127 696 ut
152 650 245 696 illas
266 650 453 695 'subeant
480 649 733 695 mutationes
761 648 1056 705 chemicasque
1079 662 1203 692 com-

77 717 317 774 binationes
346 760 359 778 ,
432 743 537 784 quas
593 726 774 771 invicem
837 726 979 772 ineant
1037 739 1210 769 necesse

79 810 170 858 est,
195 812 243 848 ut
269 804 408 849 varias
445 803 554 848 a‘e'ris
580 816 869 860 aquarumque
899 799 1209 845 vicissitudines

77 881 269 941 perferre
318 880 510 939 possint,
566 880 682 937 quod
734 878 908 938 majoris
948 878 1071 922 etiam
1118 893 1209 922 esse

77 957 280 1001 momenti
321 957 512 1016 patebit,
554 956 589 1000 si
619 956 883 1001 attendamus
914 964 1070 1013 quanta
1100 970 1208 1014 opus

88 1033 152 1078 sic
188 1032 421 1087 industria,
458 1039 505 1076 ut
529 1040 699 1076 nostrae
741 1032 934 1090 regiones
949 1064 961 1084 ‚
993 1032 1048 1074 ab
1087 1031 1207 1090 aquis

76 1115 169 1154 tum
232 1110 362 1153 maris
412 1117 502 1153 tum
555 1108 772 1152 fluminum
825 1107 1164 1166 inrumpentibus
1190 1140 1203 1162 ,

74 1185 352 1232 vindicentur.
439 1185 556 1243 Quot
601 1185 674 1230 hic
717 1193 927 1231 exstructa
966 1184 1050 1228 sint
1091 1199 1204 1244 ope-

75 1278 127 1308 ra
176 1262 456 1323 hydraulica!
525 1269 629 1321 quot
683 1263 935 1308 cataractae!
985 1269 1090 1318 quot
1127 1276 1205 1306 ca-

74 1341 215 1389 nales!

134 1418 223 1464 Sed
252 1418 424 1463 arctiori
450 1418 574 1463 etiam
602 1417 731 1462 limite
756 1424 904 1462 nostra
928 1415 1094 1461 videtur
1120 1415 1200 1460 de-

75 1495 262 1542 finienda
317 1495 522 1540 institutio
538 1528 550 1549 ‚
618 1510 727 1552 quae
766 1495 802 1539 si
839 1494 943 1552 quid
975 1493 1074 1538 inde
1102 1508 1208 1553 spe-

76 1573 166 1620 rari
213 1573 400 1632 poterit,
455 1573 641 1631 primum
683 1571 816 1631 ipsius
856 1571 939 1615 loci
998 1585 1084 1628 quo
1111 1577 1206 1614 tra-

75 1648 191 1701 ditur
245 1648 567 1696 necessitatibus
636 1648 982 1699 accommodetur
1035 1661 1206 1693 necesse

75 1733 153 1772 est.
214 1725 401 1771 Facilius
433 1725 543 1773 enim
573 1725 652 1770 erit
681 1740 771 1770 rem
802 1732 1069 1785 praesentem
1110 1741 1206 1770 am-

73 1802 264 1864 plificare
328 1809 369 1848 et
420 1802 674 1856 emendare,
730 1817 860 1860 quam
916 1818 1024 1860 quae
1087 1802 1206 1847 dee‘st

76 1879 276 1926 condere.
339 1879 473 1938 Igitur
510 1879 676 1939 primae
715 1886 935 1925 versentur
979 1892 1105 1924 curae
1158 1879 1205 1923 in

26 2006 33 2014 ⁸
74 1956 384 2016 cognoscendis
437 1956 490 2002 iis
534 1970 643 2014 quae
697 1963 887 2002 exstant:
946 1963 1073 2014 atque
1110 1957 1205 2002 illas

76 2033 298 2094 oportebit
347 2032 464 2079 adire
508 2033 694 2078 fabricas
710 2065 723 2087 ,
755 2048 863 2091 quae
900 2040 998 2079 sunt
1022 2032 1067 2076 in
1108 2033 1206 2093 ipso.

75 2110 150 2156 ubi
185 2110 372 2157 instiutio
409 2110 618 2156 tradenda
658 2117 722 2155 est
751 2111 875 2166 loco;
902 2117 1016 2155 recte
1057 2124 1204 2155 omnes

77 2188 227 2247 agendi
271 2188 389 2234 modi
429 2195 741 2248 cognoscantur
755 2219 768 2242 ‚
793 2187 974 2233 invicem
1025 2201 1204 2248 compa-

76 2272 224 2315 rentur
238 2295 254 2323 ,
282 2273 584 2326 comparentur
632 2272 676 2313 et
717 2279 813 2313 cum
865 2264 942 2320 iis,
986 2278 1095 2327 quae
1139 2265 1203 2312 vel

1157 2357 1202 2389 m
