1560 2860
317 275 375 321 56
682 268 1068 320 ORATIO.

316 416 460 469 patam
499 416 636 461 tenet,
667 408 900 452 Medicinae
935 404 1187 452 Cathedram
1231 416 1325 446 cum
1356 403 1420 446 ala-

315 488 406 533 tera
433 491 683 537 commutet,
705 485 758 528 *in
795 483 1070 528 illustrissima
1109 481 1275 526 Patriae
1316 496 1423 525 nos-

313 570 404 611 trae
433 561 681 621 metropoli,
711 568 807 605 ante
841 560 1011 618 aliquod
1035 567 1200 618 ternpus
1218 590 1230 612 ,
1263 558 1424 602 consti-

314 640 419 688 tuta.
481 638 773 682 Timueramus
803 638 968 695 quidem
985 669 997 691 ,
1012 644 1056 680 ut
1080 635 1155 680 Vir
1179 634 1421 679 laudatissi-

313 731 432 768 mus,
466 730 589 773 quem
625 731 764 759 rerum
794 730 960 759 suarum
988 714 1184 772 adjuncta
1211 720 1423 757 retentura

313 791 564 836 videbantur
579 824 591 846 ,
615 792 721 836 festo
743 792 840 836 huic
861 791 1080 836 conventui
1102 791 1301 834 interesse
1317 804 1424 849 pos·-

315 876 391 917 set.
467 868 553 919 Sed
600 883 650 913 eo
691 869 823 927 magis
870 870 1026 922 laetor,
1077 867 1202 924 ‘quod
1243 864 1424 925 necopi-

315 959 421 990 nans
447 953 709 1004 praesentem
736 944 946 1002 Collegam
974 944 1218 1001 conspicere
1237 957 1348 1002 queo
1374 955 1424 985 ac

313 1023 579 1081 compellare.
642 1022 735 1065 Hoc
789 1021 924 1073 enim,
974 1020 1223 1063 Auditoresl
1266 1020 1424 1063 bonum

313 1098 414 1142 facit
454 1098 695 1155 augurium,
727 1099 744 1148 ί
749 1097 906 1142 utinam
948 1082 1034 1141 non
1073 1096 1262 1155 cupidius
1303 1095 1425 1139 dixe·-

312 1174 418 1228 rim,
464 1190 590 1231 quam
634 1173 769 1218 verius
788 1174 821 1230 l)
863 1173 979 1231 quod
1031 1173 1263 1217 audiendae
1310 1181 1422 1218 certe

314 1250 569 1299 ‘Academiae
594 1245 687 1294 voci
712 1265 804 1294 sese
826 1264 911 1294 non
936 1250 1267 1295 subtrahendum
1290 1250 1424 1294 duxe-

314 1326 370 1370 rit
396 1327 471 1372 Vir
496 1327 813 1371 celeberrimus!
845 1327 959 1371 Haec
996 1326 1147 1385 igitur,
1177 1328 1284 1371 haec
1307 1328 1427 1373 Aca-

313 1404 476 1448 demiae
501 1418 582 1448 vox
598 1411 684 1457 est,
702 1419 808 1461 quae
822 1405 903 1456 Te,
929 1404 1155 1448 clarissime
1179 1404 1209 1448 S
1228 1404 1426 1448 chroe-

313 1480 447 1525 dere
486 1496 591 1526 van
635 1481 723 1525 der
757 1480 931 1524 Kolk!
973 1481 1115 1524 Virum
1167 1495 1253 1527 non
1288 1480 1429 1525 minus

313 1571 561 1619 generosum
602 1557 1025 1615 magnanimumque,
1073 1572 1198 1614 quam
1233 1556 1424 1601 doctrin&

312 1635 526 1689 nobile-m,
556 1642 677 1693 rogat
707 1642 747 1677 et
773 1634 1033 1686 obtestatur,
1064 1641 1109 1677 ut
1152 1633 1315 1677 fortiter
1346 1633 1429 1679 illis,

315 1711 487 1755 resistas
526 1711 811 1754 conditionum
851 1710 1080 1765 illecebris3
1135 1718 1259 1767 atque
1286 1718 1332 1754 ut
1371 1726 1424 1756 ne

315 1789 416 1834 velis
446 1788 758 1834 celeberrimum
789 1787 870 1830 hoc
903 1794 942 1831 et
969 1786 1140 1830 aliarum
1178 1787 1425 1846 disciplina-

316 1881 409 1910 rum
437 1873 476 1910 et
505 1864 736 1909 Medicinae
763 1864 1002 1908 Saerarium
1018 1896 1030 1916 ,
1060 1871 1124 1907 tot
1163 1864 1425 1909 nobilitatum

314 1942 478 2000 magnis
505 1941 701 1994 Medicis,
733 1949 819 1984 tam
847 1941 1155 1998 praestantibus
1175 1955 1266 1984 eum
1290 1942 1427 1985 maxi-

315 2034 383 2063 me
419 2020 573 2062 florens
607 2018 707 2061 artis
737 2017 928 2061 salutaris
958 2017 1190 2071 Studiosis,
1222 2018 1340 2061 alteri
1367 2020 1426 2063 illi

317 2094 524 2147 Scholae,
567 2101 690 2150 alque
731 2093 790 2146 ei,
835 2109 959 2149 quam
1005 2094 1098 2153 ipsa
1140 2093 1293 2148 offert,
1334 2096 1425 2155 spei

316 2173 593 2231 postponere!
627 2170 764 2223 Ilaec,
798 2170 902 2213 haec
945 2185 1030 2213 non
1069 2185 1162 2214 mea
1189 2171 1320 2228 magis
1345 2186 1428 2217 vox

317 2256 407 2303 est,
450 2263 575 2311 quam
612 2247 859 2293 (iuratorum
877 2279 888 2301 ,
922 2248 1239 2302 Professorum,
1270 2248 1428 2293 Lecto-

1309 2340 1430 2380 rum,
