1524 2850
299 298 358 338 20
588 291 1126 340 ORATIO:

299 429 494 472 omnibus
532 443 622 473 esse
662 429 979 472 accommodata
1009 427 1309 486 ¹temporibus,
1343 428 1418 471 'saa

298 505 375 550 cile
435 506 613 563 quisque
652 507 715 550 vel
769 520 834 549 me
885 513 1051 549 tacente
1092 504 1305 563 intelliget.
1367 502 1418 547 Si

292 583 400 625 enim
470 582 683 626 variarum
739 582 922 640 gentium
965 581 1267 640 regionumque
1307 594 1418 624 con—-

266 651 496 703 'ditionem
534 667 772 719 spectamus
789 692 801 711 ‚
844 659 966 703 facile
1000 658 1125 703 nobis
1164 656 1416 719 apparebit,

293 744 334 781 et
389 736 527 780 varias
566 744 677 781 artes
722 736 849 779 variis
895 736 1160 795 temporibus
1192 750 1216 779 a
1267 735 1416 779 diver-

295 813 353 867 sis
407 800 577 873 populis
633 813 760 857 fuisse
813 815 1021 867 excultas,
1067 820 1108 858 et
1157 812 1203 856 in
1244 810 1417 870 singulis

293 889 530 948 quibusque
581 891 825 949 regionibus
874 890 1002 935 fuisse
1040 891 1086 933 in
1127 890 1194 933 his
1227 889 1416 942 artibus,

270 981 403 1024 ,quae
442 966 644 1025 singulari
685 967 869 1023 quadam
917 966 1124 1011 industria
1169 981 1193 1010 a
1234 965 1418 1025 regionis

292 1041 441 1087 incolis
470 1044 773 1087 excolerentur.
808 1043 928 1101 Quae
957 1059 1007 1087 ex
1037 1043 1240 1102 peculiari
1273 1043 1417 1100 cujus-

295 1133 460 1177 cunque
486 1119 670 1178 regionis
698 1127 920 1178 terraeque
949 1121 1117 1173 indole,
1151 1129 1191 1165 et
1212 1136 1262 1165 ex
1288 1120 1418 1165 habi—

290 1195 471 1240 tantium
512 1196 679 1241 vivendi
730 1196 893 1241 ratione
940 1205 980 1241 et
1026 1198 1195 1257 ingenio
1212 1230 1225 1252 ‚
1279 1199 1417 1258 repeti

295 1288 424 1334 posse
458 1273 667 1319 videntur.

346 1350 457 1396 Sunt
497 1351 606 1395 enim
646 1366 853 1410 perquam
881 1367 907 1395 a
939 1367 985 1397 se
1012 1351 1190 1397 invicem
1227 1351 1418 1397 diversae

292 1429 484 1488 regiones
500 1461 512 1482 ,
556 1436 597 1472 et
647 1444 854 1487 perquam
891 1436 954 1473 est
992 1429 1109 1473 varia
1158 1444 1300 1473 rerum
1337 1443 1417 1473 co-

290 1506 389 1566 pia,
406 1521 514 1563 quae
535 1505 747 1564 explorari
772 1513 812 1550 et
840 1506 1051 1550 elaborari
1066 1506 1275 1562 debeant3
1304 1521 1419 1563 quo-

291 1582 406 1627 circa
455 1583 819 1626 accommodanda
858 1583 955 1628 huic
1007 1584 1239 1628 diversitati
1280 1583 1417 1628 omnis

295 1666 359 1704 est
386 1659 634 1703 instituendi
658 1660 779 1704 ratio.
815 1659 1033 1714 Stulte9ut
1061 1660 1145 1704 hoc
1167 1667 1286 1715 utar,
1312 1676 1419 1720 age-

294 1744 384 1790 ret,
416 1737 490 1794 qui
514 1736 560 1780 in
588 1736 768 1790 Suecia‚
802 1738 854 1781 de
883 1737 991 1782 Auri
1020 1737 1278 1796 Argentique
1298 1745 1420 1782 trac-

292 1813 413 1858 tandi
437 1813 567 1857 modo
582 1815 714 1858 verba
739 1815 922 1866 faceret,
938 1821 978 1858 et
992 1813 1173 1858 Ferrum
1200 1814 1417 1874 Cupi-um-

293 1904 377 1947 que
414 1890 667 1948 negligeret:
723 1891 796 1947 qui
848 1891 1005 1935 nostris
1057 1891 1320 1951 temporibus
1371 1893 1417 1938 in
1479 1931 1483 1935 .

293 1965 500 2026 Hispania
527 1968 695 2011 metalla
733 1967 944 2011 nobiliora
960 2000 971 2022 ‚
1005 1984 1114 2026 quae
1154 1969 1324 2024 dicunt,
1350 1970 1416 2014 ef-
1485 2006 1487 2008 .

293 2043 441 2089 fodere
466 2051 662 2104 cuperet,
695 2044 956 2105 Hydrargyri
986 2061 1088 2091 vero
1113 2046 1317 2091 mineram
1342 2061 1417 2091 re-
1473 2053 1483 2062 ·

291 2120 502 2179 linqueret
518 2120 615 2178 :qui
638 2120 682 2165 in
699 2122 1017 2180 septentrionali
1045 2131 1218 2167 nostrae
1240 2124 1411 2169 Patriae

293 2204 419 2258 parte
457 2198 589 2243 fusius
614 2198 666 2243 de
695 2198 898 2243 fossilium
950 2201 1300 2259 metallorumque
1337 2215 1415 2246 ex-

270 2270 603 2323 trahendorum
657 2283 698 2323 et
734 2276 1079 2338 depurandorum
1127 2284 1270 2340 ageret
1321 2291 1416 2323 me-

1310 2353 1415 2399 tho-

1508 2427 1515 2478 —a—
