1483 2860
315 167 996 220 MATHEMATICA.
1162 183 1209 222 39

99 282 188 321 mul?
208 291 296 320 vero
330 292 371 319 ac
404 290 502 318 unus
526 286 728 326 quotorum
762 276 1056 316 differentialium
1087 279 1208 317 infini-

99 359 162 390 tus
201 351 328 388 evadat
344 378 358 397 ‚
385 349 492 387 series
519 347 743 395 Tayloriana
765 357 843 384 non
864 346 1025 394 amplius
1046 348 1208 394 applica.

97 420 128 459 ri
161 428 313 469 potest,
340 427 376 457 et
401 416 544 456 necesse
569 425 624 455 est
652 416 891 454 substituatur
911 415 1018 454 series
1039 414 1179 456 formae

95 531 98 534 Α
291 490 370 527 Ph2
387 496 437 544 Ἷ-ι-
455 483 545 537 .less
568 496 611 532 -ι-
635 487 723 542 Kb?
745 495 788 532 -ι-
813 496 915 542 etc„

95 559 135 606 in
157 571 229 608 qua
252 566 479 613 exponentes
501 574 526 598 a
547 585 560 605 ‚
588 560 616 606 β
632 584 646 604 ,
672 574 699 605 γ
715 584 728 603 ,
755 566 850 604 cet„
884 556 972 594 dum
989 556 1033 594 ab
1059 567 1134 595 uno
1156 557 1207 594 al·

95 638 223 675 terove
244 627 398 683 termino
424 627 651 675 incipiatur,
675 627 818 664 valores
838 626 975 664 fractos
1001 624 1204 664 assumunt.

95 699 199 746 sl'um
223 697 310 752 sunt
334 696 585 746 distinguendi
612 696 715 735 casus
733 725 746 742 ‚
785 697 825 734 in
847 696 984 744 quibus
1001 724 1016 742 ‚
1044 706 1119 733 uno
1145 707 1207 734 ex-

95 779 301 818 ponenrum
340 766 545 805 exfistente.
570 765 687 804 fracto
730 777 885 804 numero
918 765 1206 804 denominatoris

94 838 220 886 paris,
257 839 360 876 valor
386 837 491 885 ipse,
519 836 694 874 mutando
720 835 829 883 signo
856 834 969 883 ipfius
1003 836 1026 872 fa
1043 863 1056 882 ‚
1084 835 1205 872 evadit

93 907 345 955 imaginarius.
398 907 436 945 Si
457 907 588 944 haecce
614 904 768 945 mutatio
804 915 882 942 non
918 906 1042 942 locum
1072 903 1205 946 habere

95 987 243 1028 potest,
264 976 438 1016 facillime
464 986 521 1014 est
550 975 798 1024 colligendum
819 986 975 1017 *curvam
1003 983 1143 1012 tanturn
1169 973 1205 1012 se

97 1049 289 1098 extendere
320 1049 365 1086 ad
390 1056 530 1096 partem
570 1044 826 1083 adscissarum.
877 1044 979 1094 Quid
1013 1055 1125 1092 porro
1158 1043 1203 1080 ad

96 1118 261 1155 ordinem
290 1116 400 1165 primi
440 1115 547 1162 quoti
573 1112 896 1168 differentialium,
938 1109 1003 1160 qui
1021 1112 1201 1149 ,infinitus

97 1188 248 1229 evadere
273 1187 408 1233 debet,
434 1185 590 1229 attinet,
617 1183 679 1220 hie
705 1182 887 1237 dependet
915 1194 935 1219 a
955 1181 1136 1227 termino,
1162 1180 1202 1221 in

99 1268 178 1305 qno
205 1266 394 1304 exponens
436 1254 486 1291 sit
523 1264 698 1291 numerus
737 1251 802 1299 qui
841 1263 926 1289 vere
949 1250 1088 1288 fractus
1112 1249 1203 1287 dici-

95 1336 172 1366 tur.
237 1326 342 1374 Ergo
385 1317 536 1361 inflexio
584 1331 621 1360 et
665 1320 794 1369 cuspis
837 1328 993 1367 utraque
1037 1319 1202 1357 cernitur

87 1428 270 1470 existente
291 1395 443 1497 Z}-
391 1455 443 1465 ....
474 1439 498 1464 0
523 1431 587 1463 aut
617 1427 674 1459 00
709 1419 765 1472 1).
812 1423 907 1489 Nam
929 1420 956 1460 fi
973 1428 1200 1470 exponentes

94 1530 202 1570 fracti
247 1528 330 1566 sunt
385 1525 628 1577 numeratoris
664 1534 702 1563 et
745 1523 1032 1564 denominatoris
1088 1521 1204 1570 impa-

97 1612 177 1640 rum
193 1628 206 1647 ‚
244 1606 369 1648 potest
387 1625 400 1644 ‚
440 1595 636 1634 exfistente
659 1612 686 1635 οι
710 1607 762 1634 ---·
789 1606 806 1633 1
825 1622 840 1642 ‚
880 1603 1069 1642 exponens
1109 1595 1137 1641 β
1161 1593 1204 1636 >

638 1670 679 1714 23)

97 1703 158 1741 vel
179 1705 221 1748 <
252 1714 273 1738 ε
298 1697 400 1746 esse,
426 1697 585 1745 ideoque
608 1664 682 1766 337³ss
701 1710 754 1735 =
778 1710 803 1734 0
835 1696 972 1734 vel—
920 1707 972 1719 -·
1000 1698 1057 1732 00
1091 1705 1106 1742 3
1154 1694 1206 1734 ita

100 1804 290 1842 obtinetur
315 1802 433 1839 hocce
453 1799 535 1838 casu
571 1798 757 1845 inflexio,
780 1798 817 1835 in
842 1797 907 1835 illo
933 1796 1076 1845 cuspis.

149 1871 338 1923 Quoniam
363 1881 450 1918 ergo
473 1870 517 1907 ad
544 1880 678 1906 curvae
705 1867 849 1906 cursum
874 1854 1202 1916 cognoscendum}

98 1941 354 1982 exfistenfibus
387 1938 514 1988 quotis
554 1937 851 1976 differentialium
887 1936 1070 1983 infinitis,
1108 1948 1206 1985 opus

101 2020 182 2061 est,
200 2020 240 2049 ut
265 2018 402 2060 puncta
417 2037 430 2056 ‚
445 2020 540 2058 quae
564 2008 667 2047 hisce
690 2009 841 2058 punctis
864 2006 1112 2056 singularibus
1137 2007 1210 2044 cir-

1107 2087 1211 2114 cum-

66 2221 72 2227 *
127 2184 173 2221 -ι)
194 2184 286 2212 conf.
306 2184 350 2211 M.
372 2179 767 2216 dei'}10pital‚1.1.§.
787 2181 838 2214 67·
860 2186 926 2215 pag,
949 2180 1010 2215 63,
1040 2185 1130 2214 atque
1146 2177 1211 2208 Va·

104 2239 249 2275 rignon
271 2245 301 2268 et
321 2237 503 2267 crouzas
517 2237 552 2269 ad
573 2238 603 2266 ιι.
624 2238 645 2266 1.
