1483 2860
351 272 871 320 LiTERARIA.
1103 281 1173 320 133

43 386 126 431 rat,
151 382 351 433 imperioso
373 383 582 431 immitique
604 382 800 421 Albano
822 382 1049 421 tribuebant.
1071 383 1175 422 Phi-

46 454 240 503 lippum
284 454 478 492 dominum
517 452 623 491 suum
670 464 790 501 usque
822 461 1050 502 agnoverant
1071 464 1175 491 eum-

43 526 128 573 ‚que
167 523 335 573 Belgium
371 532 472 561 tanta
508 523 641 572 injuria
676 523 820 567 afficere
858 522 1050 571 voluisse,
1104 522 1174 561 fibi

47 592 285 642 persuadere,
325 602 391 631 aut
425 604 503 631 non
529 602 823 642 poterant,2aut
847 593 1043 632 nolebant.
1099 594 1158 632 Re

48 663 152 712 gvium
184 663 382 712 imperium
405 663 574 701 nondum
609 664 846 711 abnuerant3
884 663 946 703 sed
987 663 1177 702 Albani

48 741 194 772 tantum
222 733 392 772 licentiae
418 733 556 771 limites
583 745 724 781 ponere
745 734 869 772 conati
898 745 1015 774 erant.
1057 736 1176 786 Quod

49 811 93 841 ut
132 803 210 852 regi
243 804 312 841 rite
346 802 576 852 perspectum
610 804 731 852 esset,
785 805 977 852 libellum,
1025 805 1063 843 in
1098 818 1176 854 quo

49 874 139 912 haec
175 874 301 912 omnia
333 873 484 922 copiose
511 883 546 911 et
574 874 730 912 nervose
757 874 990 924 explicantur
1025 885 1060 915 et
1097 889 1179 926 per-

50 952 284 992 tractantur,
309 943 614 993 composuerunt.
677 945 864 983 Sinceram
892 945 1060 984 veritatis
1100 946 1179 995 spe·

49 1015 145 1054 ciem
166 1026 263 1063 prae
296 1013 331 1052 se
348 1014 430 1053 ·fert
457 1014 622 1062 miraque
647 1015 824 1053 dictionis
847 1016 883 1054 vi
907 1025 945 1054 et
969 1017 1175 1066 perspicui-

51 1092 128 1122 tate
150 1084 358 1122 lectoribus
380 1083 512 1132 sponte
539 1083 613 1122 sese
637 1086 885 1126 commendat.
942 1087 1070 1126 Nimis
1096 1090 1180 1128 lon-

52 1164 124 1202 gus
156 1163 240 1201 est,
269 1166 379 1202 quam
417 1155 483 1202 qui
512 1154 656 1204 integer
703 1156 761 1194 hic
800 1157 1011 1195 transscribi
1044 1160 1177 1206 possit.

53 1224 194 1262 Verum
231 1224 342 1262 nimis
369 1234 469 1262 arcte
505 1236 660 1273 quoque
687 1237 773 1264 cum
796 1237 1016 1275 argumento
1048 1239 1181 1268 nostro

48 1295 285 1344 -conJ'unctus
321 1304 403 1341 est,
443 1307 552 1342 quam
592 1296 658 1343 qui
685 1297 756 1334 hoc
780 1298 866 1335 loco
895 1298 1049 1347 prorsus
1074 1301 1185 1339 omit-

56 1365 192 1404 tendus
225 1364 283 1404 fit.
338 1366 465 1416 Quare
497 1367 646 1415 longam
681 1368 820 1406 hancce
855 1367 1095 1417 scriptionem
1135 1371 1182 1410 ad

57 1435 234 1474 summam
274 1437 478 1475 lectoribus
524 1438 737 1477 tradendam
781 1440 858 1477 esse
895 1440 1051 1489 censui,
1105 1455 1183 1491 quo

62 1507 247 1555 praeclare
285 1516 410 1554 patere
436 1507 578 1555 possit,
608 1520 679 1555 qua
714 1509 857 1548 ratione
895 1511 1186 1552 Gulielmus

64 1577 292 1626 reipublicae
305 1578 557 1616 conditionem
582 1579 823 1627 bellumque,
853 1582 957 1628 quod
973 1582 1186 1631 gerebatur,

61 1648 290 1696 ordinesque
328 1646 595 1687 considerarim
633 1658 668 1687 et
695 1661 891 1698 quamnam
925 1652 1058 1701 agendi
1086 1654 1184 1692 viam

60 1717 129 1757 fibi
163 1716 426 1767 proposuerint
450 1720 537 1768 (ι).
1011 1765 1015 1767 V

117 1817 142 1837 „
168 1788 510 1838 Quotiescunque,
550 1789 810 1838 augustisfime
838 1791 947 1845 Rex,
976 1792 1099 1831 miseri
1133 1795 1189 1833 tui

64 1868 261 1909 „tuoque
313 1859 471 1908 imperio
517 1860 736 1899 obedientes
795 1862 898 1900 cives
953 1863 1185 1904 clementiam

66 1956 94 1977 „
117 1938 219 1968 tuam
269 1939 306 1969 et
352 1940 546 1980 paternum
593 1931 632 1969 in
679 1921 745 1970 eos
783 1943 946 1971 amorem
983 1933 1109 1972 animo
1154 1945 1191 1974 et

66 2028 92 2047 ,,
116 2000 346 2050 cogitatione
380 2001 624 2051 contemplati
655 2001 764 2049 sunt,
806 2002 920 2040 toties
958 2002 997 2041 in
1022 2014 1190 2053 magnam

57 2097 94 2118 -„
119 2070 221 2120 spem
263 2072 414 2111 adducti
448 2071 561 2119 sunt,
599 2081 666 2120 te,
715 2083 800 2110 cum
839 2073 1001 2121 querelis
1039 2073 1115 2112 suis
1156 2085 1192 2113 et

68 2167 93 2189 „
118 2141 317 2191 precibus,
359 2151 438 2181 turn
476 2143 632 2181 aliorum
669 2142 886 2193 Principum
923 2144 1194 2184 misericordiae

1067 2243 1091 2263 ‚‚
1119 2224 1193 2253 tes-

104 2315 157 2352 (ι)
178 2316 316 2347 Libellus
333 2318 450 2353 integer
467 2319 648 2354 exhibetur,
671 2320 749 2354 apud
767 2321 862 2354 Bor,
892 2320 951 2354 Op.
973 2320 994 2347 l.
1025 2317 1090 2346 Lib.
1119 2317 1190 2346 vu.

68 2373 128 2403 5⁰¹·
150 2380 218 2412 342·
240 2375 306 2411 sqq·
329 2377 394 2412 sqq·
418 2390 463 2400 ·—-
486 2376 622 2413 Kluit,
644 2376 881 2414 Inwijingsrcde
897 2382 956 2405 cet.
978 2375 1061 2410 Btjr.
1085 2374 1130 2404 A,
