1560 2860
434 260 827 311 ORAT10.·
1109 261 1169 309 77

114 406 229 452 Haec
271 406 477 451 Juvenum
513 403 893 455 nobilissimorum,
937 401 1010 459 qui
1055 415 1169 447 nunc

57 484 244 544 praemia
277 484 548 542 reportarunt
560 513 573 536 ‚
605 481 709 526 haec
734 480 895 525 Civium
923 485 1170 524 nostrorum

57 561 242 605 omnium
276 560 366 604 laus
399 559 452 604 sit
485 566 608 616 atque
639 558 804 602 honos!
862 556 991 615 Quod
1017 556 1075 600 ita
1095 571 1173 600 ra-

56 645 147 682 tum
171 637 243 682 fiet
268 643 436 691 votum,
480 635 628 696 optimi
663 634 1005 679 Commilitones!
1058 632 1094 678 si
1125 633 1173 677 id

58 712 216 772 agatis,
242 719 313 766 ut,
343 711 459 769 quod
490 711 535 755 in
574 710 831 770 amplissimo
861 709 1172 754 Beaufortio

57 791 148 849 jure
170 789 429 836 laudavimus
443 822 454 843 ,
484 789 528 835 in
546 789 745 834 Vestrum
788 801 957 845 quoque
988 785 1173 845 singulos

60 867 309 913 conveniat:

117 947 180 990 Οὐ
197 946 280 1002 γὰρ
303 943 429 989 δόκεΐν
448 943 639 1001 ἄριστος,
667 942 765 987 ἀλλ’
785 941 881 987 εἶναι
918 940 1047 986 edna!
1069 938 1176 1000 (42)

120 1021 284 1078 Atque,
313 1020 374 1065 ita
411 1019 607 1073 animati,
637 1018 825 1078 praemia
859 1017 1037 1077 petatis,
1067 1030 1177 1074 quae

62 1112 174 1142 nunc
224 1097 362 1141 denuo
412 1096 738 1156 suspenduntur.
797 1094 895 1139 Jam
944 1094 1055 1139 enim
1093 1106 1179 1138 no-

62 1189 160 1218 vum
197 1173 472 1218 committitur
496 1180 710 1217 certamen
735 1171 956 1216 literatum.
1048 1168 1179 1228 Quod

64 1249 297 1308 cujusmodi
321 1250 396 1304 sit,
428 1264 477 1295 ex
502 1249 724 1313 praelectis
751 1247 987 1307 intelligetis
1010 1264 1176 1306 quaes-

65 1330 286 1382 tionibus,
317 1343 423 1385 quas
455 1327 605 1386 singuli
629 1333 860 1386 posuerunt
874 1324 1057 1371 Ordines
1087 1324 1179 1369 cla-

65 1420 231 1452 rissmu.

244 1675 588 1732 QUAEs'rIO
650 1672 991 1718 JURIDICA.

126 1831 469 1878 Distinctionis‚
486 1830 608 1871 inter
635 1830 789 1870 modos
822 1829 1047 1869 tollendae
1070 1827 1185 1871 obli-⁶

67 1896 267 1963 gationis
294 1908 393 1961 ipso
409 1908 522 1958 jure
551 1912 596 1946 et
613 1921 707 1960 per
748 1907 928 1946 modum
956 1906 1186 1960 exceptio-

71 1985 141 2027 nis
159 2014 171 2035 ‚
203 1985 350 2039 ejure
366 1983 571 2024 Romano
596 1983 848 2024 tradantur
876 1984 1005 2038 origo
1037 1990 1082 2024 et
1103 1998 1187 2025 va-

44 2050 50 2058 *
76 2063 136 2104 rii
170 2060 370 2118 effectas.

287 2193 622 2252 QUAEs'rIO
678 2193 965 2238 MEDICA.

135 2330 442 2383 Exponantur
494 2331 818 2374 Recentiorum
873 2330 1074 2373 theoriae
1134 2330 1189 2369 de

1047 2420 1195 2459 PSelb-
