1483 2860
370 303 881 353 LITERARIA.
1109 315 1180 344 και

65 419 159 458 nino
182 417 350 457 amittere
366 445 379 465 ,
406 427 537 466 magna
573 426 663 455 vero
688 414 883 455 commoda
914 411 1069 452 fortasse
1093 423 1185 451 con·

67 487 174 538 sequi
210 485 408 536 potuisset.
475 485 618 536 Quodsi
656 485 909 525 Albanum
956 484 1001 522 de
1033 482 1184 521 sedibus

66 555 142 596 suis
172 555 374 606 depulisset
394 584 408 603 ,
445 567 574 594 omnes
602 555 720 604 Belgii
745 555 855 594 urbes
885 563 922 594 et
946 553 1117 603 regiones
1149 552 1187 606 ῖς

65 637 152 665 cum
183 637 228 665 eo
253 625 532 676 conjunxissent
554 625 851 673 Albanique
883 625 959 664 vim
992 624 1100 662 nullo
1123 633 1190 663 ne·

68 685 175 744 gotio
204 695 481 745 perfregissent.
536 695 652 734 Nunc
679 706 769 734 vero
787 723 800 743 ‚
827 694 922 743 ubi,
939 694 1075 733 infecta
1101 705 1189 733 cau·

66 764 104 805 sa
134 766 284 806 recesfit
321 766 663 813 Gulielmus,
708 775 832 803 novus
867 766 998 802 metus·
1020 764 1190 802 omnium

67 836 213 876 animos
251 836 375 875 tenuit
413 847 637 883 omnemque
675 833 848 874 fiduciam
878 833 1099 883 pectoribus
1127 845 1192 873 ex-

68 905 199 945 cussit.
252 905 384 954 Itaque
409 906 541 944 melius
565 914 716 944 acturus
752 904 866 944 fuisse
893 904 985 943 mihi
1016 903 1189 953 videtur,

69 977 98 1016 fi
145 976 244 1015 vires
278 976 361 1032 suas
397 976 630 1025 periclitatus
658 974 751 1018 esset
789 975 1012 1023 hostemque
1054 985 1188 1024 magno

72 1047 214 1096 impetu
242 1045 434 1096 aggressus
458 1045 566 1085 esset.

561 1206 599 1254 §.
643 1216 702 1244 11.

115 1366 324 1414 >Postquam
367 1362 570 1403 exercitum
615 1360 720 1400 suum
763 1360 955 1400 dimiserat
993 1360 1194 1400 Guliel-

73 1435 255 1483 mus9in
270 1432 713 1482 Hollandiamprofectus
732 1431 1198 1483 est,ubiLumaeus,

73 1505 273 1556 potestatis
305 1504 389 1543 suae
423 1504 561 1541 limites
604 1502 817 1549 excedens,
855 1502 981 1541 omnia
1029 1503 1096 1542 suo
1135 1516 1198 1543 ar·

71 1576 189 1622 bitrio
237 1575 386 1623 gerebat
429 1582 608 1622 tantaque
645 1573 822 1613 utebatur
874 1573 1098 1621 atrocitate,
1150 1583 1196 1613 ut

72 1646 182 1686 multi
212 1646 315 1685 cives
347 1645 605 1693 Hispanorum
638 1642 870 1692 tyrannidem
915 1644 995 1693 eJus
1038 1643 1197 1693 imperio

74 1714 317 1766 praeferrent.
369 1715 497 1765 Quum
523 1713 749 1752 Enkhufiam
776 1712 966 1754 adveniret
992 1713 1205 1754 Guliel,

76 1797 205 1834 mus,
249 1795 379 1823 omnes
409 1784 511 1822 cives
535 1782 673 1821 laetitia
697 1782 960 1831 exsultarunt,
1001 1785 1100 1832 quasi
1133 1798 1213 1824 ve-

71 1870 117 1898 ro
153 1856 291 1907 patriae
322 1855 386 1893 sua
422 1853 516 1892 salus
552 1853 644 1892 esset
675 1852 833 1892 reddita.
891 1855 1098 1902 Postquam
1136 1867 1201 1894 na-

75 1940 143 1968 ves
168 1926 371 1967 nonnullas
396 1932 623 1971 armaverat,
651 1936 732 1973 quo
759 1923 893 1962 melius
925 1924 1064 1963 bellum
1089 1927 1200 1964 mari-

76 2000 209 2039 timum
254 1996 505 2045 procederet,
544 1994 790 2041 Harlemum,
830 1994 896 2032 ubi
917 1994 1079 2034 Ordines
1105 2007 1200 2034 con-

77 2077 286 2115 venerant,
325 2066 457 2105 itinere
490 2065 663 2104 tetendit.
729 2065 891 2104 Ordines
924 2067 1005 2116 ejus
1036 2067 1200 2106 adventu

21 2129 25 2135 ¹
77 2139 158 2186 non
190 2136 428 2177 mediocriter
463 2136 721 2182 laetabantur,
773 2137 952 2184 quoniam
997 2136 1199 2180 miserrimo

80 2221 202 2251 rerum
237 2207 345 2249 statui
379 2206 607 2254 diffidentes,
646 2208 785 2247 nullam
819 2207 981 2256 amplius
1015 2209 1197 2248 malorum

78 2278 246 2326 requiem
280 2277 421 2327 sperare
459 2277 660 2316 audebant.
713 2277 858 2317 Mirum
882 2285 970 2324 est,
998 2290 1108 2326 quam
1134 2291 1209 2327 ap«

84 2345 203 2400 postte
231 2347 360 2387 anxios
399 2351 528 2386 eorum·
566 2347 710 2386 animos
733 2347 1039 2395 confirmaverit,
1077 2359 1204 2386 erexe··

1124 2427 1201 2467 rit,
