1483 2860
419 183 858 238 JURIDICA.
1146 192 1194 229 μ

84 304 213 335 natura
244 295 484 345 obligationis
515 294 730 344 principalis
765 304 843 331 non
872 289 1117 337 conveniret,
1158 289 1202 327 li-

85 375 144 405 cet
177 368 276 416 leges
315 367 353 404 in
390 367 611 414 quibusdam
657 364 800 403 cafibus
834 363 947 412 hujus
986 360 1038 399 rei
1071 370 1203 409 excep·

86 436 206 475 tiones
238 435 501 485 proposuerint
528 436 610 485 (1).

75 534 77 536 v
113 506 301 545 -Tandem
335 507 379 544 ad
414 515 521 554 pacta
549 504 757 542 accedimus
797 514 890 551 quae
921 501 1067 539 actione
1105 511 1204 538 care-

83 576 195 624 bant,
223 588 243 614 a
270 578 440 614 Praetore
470 586 559 613 vero
597 573 734 611 servata
764 573 863 611 sunt.
917 573 1013 610 Sunt
1038 571 1103 619 qui
1128 571 1205 613 dis-

83 646 221 684 crimen
252 644 389 684 faciant
424 655 530 694 pacta
565 644 778 683 liberatoria
806 642 881 681 five
919 642 1122 680 remissoria
1147 641 1204 679 in-

85 723 140 753 ter
160 725 197 754 et
218 716 462 765 obligatoria‚
490 715 564 753 illis
594 714 848 763 exceptionem
886 714 1116 759 concedant,
1142 712 1203 749 his

83 794 232 834 negant.
311 786 363 824 Et
398 793 497 824 certe
530 787 659 833 leges,
715 795 810 832 quae
846 785 959 831 vulgo
997 781 1205 821 afferuntur

71 857 291 903 ‚loquuntur
321 865 462 894 tantuin
496 856 540 893 de
571 855 713 893 casibus
751 854 789 891 in
826 854 965 901 quibus
999 852 1122 901 agitur
1160 852 1206 890 de

85 928 203 975 pactis
235 928 281 964 de
302 937 379 963 non
402 926 561 974 petendo
590 924 664 962 five
687 922 928 962 liberatoriis.
956 922 1006 961 L.
1038 934 1076 970 7.
1106 924 1143 970 §.
1160 934 1200 970 4.

83 997 111 1034 l.
146 1008 208 1043 27.
237 997 273 1044 §.
303 998 342 1034 6.
373 1008 412 1043 7.
441 999 478 1034 8.
508 996 535 1034 1.
564 1007 628 1043 41.
658 993 700 1032 ff.
728 995 773 1032 de
799 993 934 1042 pactis.
963 993 994 1032 Ι.
1025 994 1203 1042 §.gem-

84 1068 129 1104 de
158 1074 303 1114 except.
356 1065 455 1115 Quia
485 1076 573 1102 vero
615 1064 653 1101 in
690 1063 837 1112 legibus
876 1063 998 1101 citatis
1030 1074 1110 1101 non
1145 1074 1208 1102 ex-

83 1135 206 1184 presse
245 1134 383 1172 dicitur
418 1134 510 1171 iilud
549 1143 690 1171 tantum
727 1135 771 1171 de
803 1132 1024 1171 liberatoriis
1055 1134 1205 1180 valere,

83 1205 166 1244 ideo
195 1205 241 1242 ad
271 1204 497 1242 contrarium
543 1203 718 1241 concludi
750 1212 900 1251 potest,
956 1204 1063 1240 etiam
1098 1211 1205 1251 pacta

83 1275 182 1313 nuda
204 1273 426 1321 obligatoria
445 1284 510 1320 per
538 1273 689 1310 modurn
717 1271 948 1319 exceptionis
973 1273 1095 1309 valere
1114 1283 1207 1319 pos-

81 1341 140 1390 se,
168 1354 250 1380 nam
281 1343 384 1389 quod
408 1350 538 1379 natura
563 1341 757 1387 debetum
785 1342 886 1378 venit
921 1341 959 1378 in
992 1339 1207 1388 compensa-

80 1414 235 1452 tionem.
265 1412 314 1450 L.
346 1414 383 1450 6.
414 1411 456 1450 ff.
485 1412 530 1449 dc
559 1421 755 1459 compens.
785 1411 868 1459 (2).
921 1411 1004 1449 Nec
1026 1400 1123 1459 opus
1149 1419 1206 1448 est

20 1514 22 1517 .
81 1494 124 1522 ut
160 1485 304 1530 dicam,
351 1491 487 1530 pacta,
542 1493 635 1528 qnae
667 1489 705 1518 et
741 1481 828 1519 dolo
863 1482 960 1518 malo
1000 1490 1036 1518 et
1075 1488 1206 1519 contra

81 1555 181 1603 leges
209 1553 292 1591 sunt
316 1552 406 1588 inita
432 1552 622 1589 Praetores
646 1561 722 1587 non
749 1552 827 1588 csse
855 1550 1090 1597 servaturos,
1117 1562 1204 1589 cum

80 1625 120 1662 id
156 1624 363 1662 luculenter
398 1633 443 1659 ex
480 1619 566 1668 ipsis
602 1621 731 1659 Edicti
761 1620 886 1658 verbis
925 1629 1057 1669 patet„
1082 1620 1133 1660 L.
1163 1632 1201 1668 7.

80 1695 119 1743 §.
149 1705 186 1740 7.
216 1691 258 1730 ff.
288 1693 332 1729 de
364 1690 480 1739 pactis
509 1689 592 1739 (3).
630 1711 685 1718 —-
717 1689 917 1728 Promisfio
951 1688 1044 1727 serio
1074 1701 1115 1727 ac
1142 1690 1206 1728 de-

79 1764 235 1803 liberato
275 1761 397 1800 animo
432 1760 529 1798 facta
570 1769 606 1796 et
644 1768 831 1807 acceptata
867 1760 949 1808 jure
988 1759 1090 1797 civili
1126 1770 1204 1798 non

81 1833 299 1882 obligabat,
337 1843 383 1869 ne
417 1831 495 1869 scil.
524 1829 779 1878 imprudenter
815 1828 914 1867 cives
952 1828 1024 1868 sese
1061 1829 1204 1881 obliga-

80 1912 174 1943 rent.
232 1903 305 1941 Sed
336 1904 487 1941 Praetor
514 1900 673 1939 naturali
709 1899 896 1947 aequitate
925 1908 1076 1948 motnS,
1117 1900 1203 1948 quia

1146 1970 1202 2009 nil

116 2100 170 2137 (ι)
191 2101 242 2130 Cf.
265 2098 563 2135 weber‚1.1.§.
585 2098 635 2127 οε.

118 2158 173 2194 (2)
194 2157 267 2187 Vid.
289 2157 493 2192 weber‚l.
516 2157 539 2184 1.
561 2163 594 2190 p.
618 2159 666 2185 81.
689 2162 721 2184 et
746 2154 1069 2192 Hosner‚1.1.§.
1092 2162 1162 2193 747.

116 2215 170 2252 (3)
189 2214 315 2250 Egregie
332 2214 431 2243 Edicti
455 2214 547 2243 verba
567 2213 735 2248 explicavit
760 2213 917 2249 Noodt,
940 2221 993 2249 op.
1017 2222 1046 2244 c.
1068 2222 1136 2251 cap.
1165 2223 1197 2250 ις

82 2279 113 2301 et
136 2275 182 2302 16·
