<?xml version="1.0" encoding="UTF-8"?>
<!DOCTYPE html PUBLIC "-//W3C//DTD XHTML 1.0 Transitional//EN"
    "http://www.w3.org/TR/xhtml1/DTD/xhtml1-transitional.dtd">
<html xmlns="http://www.w3.org/1999/xhtml" xml:lang="en" lang="en">
 <head>
  <title>
</title>
<meta http-equiv="Content-Type" content="text/html;charset=utf-8" />
  <meta name='ocr-system' content='tesseract 3.04.00' />
  <meta name='ocr-capabilities' content='ocr_page ocr_carea ocr_par ocr_line ocrx_word'/>
</head>
<body>
  <div class='ocr_page' id='page_1' title='image "annalesacademiae29acad_0032.png"; bbox 0 0 1560 2860; ppageno 0'>
   <div class='ocr_carea' id='block_1_1' title="bbox 296 273 366 304">
    <p class='ocr_par' dir='ltr' id='par_1_1' title="bbox 296 273 366 304">
     <span class='ocr_line' id='line_1_1' title="bbox 296 273 366 304; baseline 0.014 -1"><span class='ocrx_word' id='word_1_1' title='bbox 296 273 366 304; x_wconf 76' lang='lat' dir='ltr'><em>XX</em></span> 
     </span>
    </p>
   </div>
   <div class='ocr_carea' id='block_1_2' title="bbox 290 369 1409 2473">
    <p class='ocr_par' dir='ltr' id='par_1_2' title="bbox 295 369 1400 659">
     <span class='ocr_line' id='line_1_2' title="bbox 340 369 1400 435; baseline -0.005 -15.957"><span class='ocrx_word' id='word_1_2' title='bbox 340 375 471 435; x_wconf 85' lang='lat' dir='ltr'><em>Loca</em></span> <span class='ocrx_word' id='word_1_3' title='bbox 499 378 666 419; x_wconf 73' lang='lat' dir='ltr'><em>selecta</em></span> <span class='ocrx_word' id='word_1_4' title='bbox 695 388 746 419; x_wconf 83' lang='lat' dir='ltr'><em>ex</em></span> <span class='ocrx_word' id='word_1_5' title='bbox 774 372 934 418; x_wconf 88' lang='lat' dir='ltr'><em>calculo</em></span> <span class='ocrx_word' id='word_1_6' title='bbox 967 369 1233 416; x_wconf 78' lang='lat' dir='ltr'><em>differentiali</em></span> <span class='ocrx_word' id='word_1_7' title='bbox 1261 377 1303 415; x_wconf 83' lang='lat' dir='ltr'><em>et</em></span> <span class='ocrx_word' id='word_1_8' title='bbox 1329 369 1400 414; x_wconf 87' lang='lat' dir='ltr'><em>in-</em></span> 
     </span>
     <span class='ocr_line' id='line_1_3' title="bbox 298 448 1396 508; baseline -0.004 -14"><span class='ocrx_word' id='word_1_9' title='bbox 298 451 444 508; x_wconf 79' lang='lat' dir='ltr'><em>tegrali</em></span> <span class='ocrx_word' id='word_1_10' title='bbox 471 451 657 494; x_wconf 87' lang='lat' dir='ltr'><em>adhibita</em></span> <span class='ocrx_word' id='word_1_11' title='bbox 685 450 740 494; x_wconf 89' lang='lat' dir='ltr'><em>ad</em></span> <span class='ocrx_word' id='word_1_12' title='bbox 759 449 962 494; x_wconf 84' lang='lat' dir='ltr'><em>theoriam</em></span> <span class='ocrx_word' id='word_1_13' title='bbox 985 462 1202 492; x_wconf 67' lang='lat' dir='ltr'><em>curvarum</em></span> <span class='ocrx_word' id='word_1_14' title='bbox 1223 448 1265 491; x_wconf 84' lang='lat' dir='ltr'><em>J.</em></span> <span class='ocrx_word' id='word_1_15' title='bbox 1277 448 1330 491; x_wconf 79' lang='lat' dir='ltr'><em>F.</em></span> <span class='ocrx_word' id='word_1_16' title='bbox 1348 448 1396 491; x_wconf 96' lang='lat' dir='ltr'><em>L.</em></span> 
     </span>
     <span class='ocr_line' id='line_1_4' title="bbox 295 503 1399 581; baseline -0.003 -12"><span class='ocrx_word' id='word_1_17' title='bbox 295 515 630 578; x_wconf 71' lang='lat' dir='ltr'><em>SGHRO&#39;DER,</em></span> <span class='ocrx_word' id='word_1_18' title='bbox 661 524 763 568; x_wconf 87' lang='lat' dir='ltr'><em>die</em></span> <span class='ocrx_word' id='word_1_19' title='bbox 750 524 857 581; x_wconf 72' lang='lat' dir='ltr'><em>jovis</em></span> <span class='ocrx_word' id='word_1_20' title='bbox 896 531 936 568; x_wconf 85' lang='lat' dir='ltr'><em>et</em></span> <span class='ocrx_word' id='word_1_21' title='bbox 971 523 1155 573; x_wconf 73' lang='lat' dir='ltr'><em>veneiis,</em></span> <span class='ocrx_word' id='word_1_22' title='bbox 1185 503 1292 566; x_wconf 80' lang='lat' dir='ltr'><em>hora</em></span> <span class='ocrx_word' id='word_1_23' title='bbox 1319 521 1399 566; x_wconf 89' lang='lat' dir='ltr'><em>IX.</em></span> 
     </span>
     <span class='ocr_line' id='line_1_5' title="bbox 299 584 1182 659; baseline -0.003 -13"><span class='ocrx_word' id='word_1_24' title='bbox 299 608 370 646; x_wconf 81' lang='lat' dir='ltr'><em>aut</em></span> <span class='ocrx_word' id='word_1_25' title='bbox 399 601 478 645; x_wconf 84' lang='lat' dir='ltr'><em>alia</em></span> <span class='ocrx_word' id='word_1_26' title='bbox 502 584 763 646; x_wconf 84' lang='lat' dir='ltr'><strong>auditoribus</strong></span> <span class='ocrx_word' id='word_1_27' title='bbox 788 601 920 659; x_wconf 81' lang='lat' dir='ltr'><em>magis</em></span> <span class='ocrx_word' id='word_1_28' title='bbox 948 599 1182 644; x_wconf 86' lang='lat' dir='ltr'><em>commoda.</em></span> 
     </span>
    </p>

    <p class='ocr_par' dir='ltr' id='par_1_3' title="bbox 301 671 1406 816">
     <span class='ocr_line' id='line_1_6' title="bbox 355 671 1406 739; baseline -0.005 -19"><span class='ocrx_word' id='word_1_29' title='bbox 355 681 607 739; x_wconf 64' lang='lat' dir='ltr'><em>Physicam</em></span> <span class='ocrx_word' id='word_1_30' title='bbox 634 679 1034 734; x_wconf 83' lang='lat' dir='ltr'><em>experimentalem</em></span> <span class='ocrx_word' id='word_1_31' title='bbox 1064 677 1117 720; x_wconf 87' lang='lat' dir='ltr'><em>G.</em></span> <span class='ocrx_word' id='word_1_32' title='bbox 1147 674 1321 726; x_wconf 87' lang='lat' dir='ltr'><em>MOLL,</em></span> <span class='ocrx_word' id='word_1_33' title='bbox 1339 671 1406 716; x_wconf 84' lang='lat' dir='ltr'><em>die</em></span> 
     </span>
     <span class='ocr_line' id='line_1_7' title="bbox 301 751 1250 816; baseline -0.003 -18"><span class='ocrx_word' id='word_1_34' title='bbox 301 754 446 816; x_wconf 72' lang='lat' dir='ltr'><em>Iunae,</em></span> <span class='ocrx_word' id='word_1_35' title='bbox 472 754 616 798; x_wconf 84' lang='lat' dir='ltr'><em>martis</em></span> <span class='ocrx_word' id='word_1_36' title='bbox 631 785 642 806; x_wconf 94' lang='lat'><em>,</em></span> <span class='ocrx_word' id='word_1_37' title='bbox 671 753 775 809; x_wconf 88' lang='lat' dir='ltr'><em>jovis</em></span> <span class='ocrx_word' id='word_1_38' title='bbox 803 760 844 797; x_wconf 84' lang='lat' dir='ltr'><em>et</em></span> <span class='ocrx_word' id='word_1_39' title='bbox 868 753 1028 797; x_wconf 88' lang='lat' dir='ltr'><em>veneris</em></span> <span class='ocrx_word' id='word_1_40' title='bbox 1043 784 1054 805; x_wconf 92' lang='lat'><em>,</em></span> <span class='ocrx_word' id='word_1_41' title='bbox 1085 752 1192 796; x_wconf 86' lang='lat' dir='ltr'><em>hora</em></span> <span class='ocrx_word' id='word_1_42' title='bbox 1218 751 1250 795; x_wconf 90' lang='lat'><em>1.</em></span> 
     </span>
    </p>

    <p class='ocr_par' dir='ltr' id='par_1_4' title="bbox 302 826 1408 1038">
     <span class='ocr_line' id='line_1_8' title="bbox 304 826 1406 894; baseline -0.005 -20"><span class='ocrx_word' id='word_1_43' title='bbox 304 884 310 894; x_wconf 41' lang='grc' dir='ltr'><em>Ι</em></span> <span class='ocrx_word' id='word_1_44' title='bbox 357 833 673 876; x_wconf 83' lang='lat' dir='ltr'><em>Astronomiae</em></span> <span class='ocrx_word' id='word_1_45' title='bbox 696 833 884 886; x_wconf 83' lang='lat' dir='ltr'><em>primas</em></span> <span class='ocrx_word' id='word_1_46' title='bbox 918 831 1106 872; x_wconf 80' lang='lat' dir='ltr'><em>notitias</em></span> <span class='ocrx_word' id='word_1_47' title='bbox 1146 828 1199 872; x_wconf 92' lang='lat' dir='ltr'><em>G.</em></span> <span class='ocrx_word' id='word_1_48' title='bbox 1225 826 1406 876; x_wconf 86' lang='lat' dir='ltr'><em>MOLL,</em></span> 
     </span>
     <span class='ocr_line' id='line_1_9' title="bbox 302 899 1408 963; baseline -0.005 -14"><span class='ocrx_word' id='word_1_49' title='bbox 302 899 346 951; x_wconf 81' lang='lat' dir='ltr'><em>d.</em></span> <span class='ocrx_word' id='word_1_50' title='bbox 374 903 516 959; x_wconf 84' lang='lat' dir='ltr'><em>lunae,</em></span> <span class='ocrx_word' id='word_1_51' title='bbox 545 906 714 958; x_wconf 85' lang='lat' dir='ltr'><em>martis,</em></span> <span class='ocrx_word' id='word_1_52' title='bbox 743 906 849 963; x_wconf 89' lang='lat' dir='ltr'><em>jovis</em></span> <span class='ocrx_word' id='word_1_53' title='bbox 879 913 920 949; x_wconf 81' lang='lat' dir='ltr'><em>et</em></span> <span class='ocrx_word' id='word_1_54' title='bbox 948 904 1137 957; x_wconf 40' lang='lat' dir='ltr'><em>veneri&amp;</em></span> <span class='ocrx_word' id='word_1_55' title='bbox 1169 903 1212 947; x_wconf 93' lang='lat' dir='ltr'><em>h.</em></span> <span class='ocrx_word' id='word_1_56' title='bbox 1234 904 1315 947; x_wconf 85' lang='lat' dir='ltr'><em>XI.</em></span> <span class='ocrx_word' id='word_1_57' title='bbox 1345 901 1408 945; x_wconf 82' lang='lat' dir='ltr'><em>vel</em></span> 
     </span>
     <span class='ocr_line' id='line_1_10' title="bbox 302 979 1126 1038; baseline -0.004 -14"><span class='ocrx_word' id='word_1_58' title='bbox 302 981 380 1025; x_wconf 80' lang='lat' dir='ltr'><em>alia</em></span> <span class='ocrx_word' id='word_1_59' title='bbox 397 1014 410 1036; x_wconf 92' lang='lat'><em>,</em></span> <span class='ocrx_word' id='word_1_60' title='bbox 441 982 709 1026; x_wconf 79' lang='lat' dir='ltr'><strong>auditoribus</strong></span> <span class='ocrx_word' id='word_1_61' title='bbox 731 980 863 1038; x_wconf 86' lang='lat' dir='ltr'><em>magis</em></span> <span class='ocrx_word' id='word_1_62' title='bbox 889 979 1126 1024; x_wconf 86' lang='lat' dir='ltr'><em>commoda.</em></span> 
     </span>
    </p>

    <p class='ocr_par' dir='ltr' id='par_1_5' title="bbox 298 1041 1405 1195">
     <span class='ocr_line' id='line_1_11' title="bbox 354 1041 1405 1114; baseline -0.005 -13"><span class='ocrx_word' id='word_1_63' title='bbox 354 1041 701 1101; x_wconf 81' lang='lat' dir='ltr'><em>Astronomiam</em></span> <span class='ocrx_word' id='word_1_64' title='bbox 742 1057 1039 1114; x_wconf 67' lang='lat' dir='ltr'><em>theoreticam</em></span> <span class='ocrx_word' id='word_1_65' title='bbox 1078 1062 1124 1098; x_wconf 85' lang='lat' dir='ltr'><em>et</em></span> <span class='ocrx_word' id='word_1_66' title='bbox 1144 1055 1405 1111; x_wconf 80' lang='lat' dir='ltr'><em>practicam</em></span> 
     </span>
     <span class='ocr_line' id='line_1_12' title="bbox 298 1117 972 1195; baseline -0.007 -16"><span class='ocrx_word' id='word_1_67' title='bbox 298 1135 350 1195; x_wconf 77' lang='lat' dir='ltr'><em>G.</em></span> <span class='ocrx_word' id='word_1_68' title='bbox 381 1134 562 1185; x_wconf 87' lang='lat' dir='ltr'><em>MOLL,</em></span> <span class='ocrx_word' id='word_1_69' title='bbox 592 1132 686 1195; x_wconf 56' lang='lat' dir='ltr'><em>iisd.</em></span> <span class='ocrx_word' id='word_1_70' title='bbox 719 1133 761 1176; x_wconf 92' lang='lat' dir='ltr'><em>d.</em></span> <span class='ocrx_word' id='word_1_71' title='bbox 792 1132 836 1176; x_wconf 92' lang='lat' dir='ltr'><em>h.</em></span> <span class='ocrx_word' id='word_1_72' title='bbox 868 1117 972 1180; x_wconf 77' lang='grc' dir='ltr'><em>ΧΠ.</em></span> 
     </span>
    </p>

    <p class='ocr_par' dir='ltr' id='par_1_6' title="bbox 290 1206 1409 1496">
     <span class='ocr_line' id='line_1_13' title="bbox 354 1206 1409 1271; baseline -0.004 -19"><span class='ocrx_word' id='word_1_73' title='bbox 354 1212 596 1252; x_wconf 83' lang='lat' dir='ltr'><em>Elementa</em></span> <span class='ocrx_word' id='word_1_74' title='bbox 624 1211 1031 1271; x_wconf 69' lang='lat' dir='ltr'><em>Hydrotechniae?</em></span> <span class='ocrx_word' id='word_1_75' title='bbox 1063 1206 1116 1251; x_wconf 86' lang='lat' dir='ltr'><em>ad</em></span> <span class='ocrx_word' id='word_1_76' title='bbox 1147 1212 1409 1266; x_wconf 72' lang='lat' dir='ltr'><em>praesentem</em></span> 
     </span>
     <span class='ocr_line' id='line_1_14' title="bbox 299 1283 1407 1343; baseline -0.003 -15"><span class='ocrx_word' id='word_1_77' title='bbox 299 1284 579 1328; x_wconf 86' lang='lat' dir='ltr'><em>conditionem</em></span> <span class='ocrx_word' id='word_1_78' title='bbox 597 1284 762 1328; x_wconf 84' lang='lat' dir='ltr'><em>Patriae</em></span> <span class='ocrx_word' id='word_1_79' title='bbox 788 1283 1022 1343; x_wconf 85' lang='lat' dir='ltr'><em>adplicata,</em></span> <span class='ocrx_word' id='word_1_80' title='bbox 1046 1283 1081 1328; x_wconf 90' lang='lat' dir='ltr'><em>si</em></span> <span class='ocrx_word' id='word_1_81' title='bbox 1092 1283 1300 1328; x_wconf 87' lang='lat' dir='ltr'><em>sufficiens</em></span> <span class='ocrx_word' id='word_1_82' title='bbox 1325 1297 1407 1325; x_wconf 88' lang='lat' dir='ltr'><em>nu-</em></span> 
     </span>
     <span class='ocr_line' id='line_1_15' title="bbox 290 1360 1407 1422; baseline -0.002 -17"><span class='ocrx_word' id='word_1_83' title='bbox 290 1375 439 1416; x_wconf 73' lang='lat' dir='ltr'><em>⁴merus</em></span> <span class='ocrx_word' id='word_1_84' title='bbox 469 1360 702 1404; x_wconf 84' lang='lat' dir='ltr'><em>auditorum</em></span> <span class='ocrx_word' id='word_1_85' title='bbox 731 1361 867 1412; x_wconf 87' lang='lat' dir='ltr'><em>adsit,</em></span> <span class='ocrx_word' id='word_1_86' title='bbox 897 1360 1062 1419; x_wconf 82' lang='lat' dir='ltr'><em>belgico</em></span> <span class='ocrx_word' id='word_1_87' title='bbox 1089 1374 1305 1422; x_wconf 79' lang='lat' dir='ltr'><em>sermone,</em></span> <span class='ocrx_word' id='word_1_88' title='bbox 1331 1373 1407 1403; x_wconf 84' lang='lat' dir='ltr'><em>ex-</em></span> 
     </span>
     <span class='ocr_line' id='line_1_16' title="bbox 299 1436 1341 1496; baseline -0.001 -15"><span class='ocrx_word' id='word_1_89' title='bbox 299 1445 430 1496; x_wconf 85' lang='lat' dir='ltr'><em>ponet</em></span> <span class='ocrx_word' id='word_1_90' title='bbox 455 1439 506 1482; x_wconf 80' lang='lat' dir='ltr'><em>G,</em></span> <span class='ocrx_word' id='word_1_91' title='bbox 534 1439 714 1489; x_wconf 86' lang='lat' dir='ltr'><em>MOLL,</em></span> <span class='ocrx_word' id='word_1_92' title='bbox 745 1437 852 1481; x_wconf 85' lang='lat' dir='ltr'><em>hora</em></span> <span class='ocrx_word' id='word_1_93' title='bbox 880 1437 1076 1496; x_wconf 86' lang='lat' dir='ltr'><em>deinceps</em></span> <span class='ocrx_word' id='word_1_94' title='bbox 1099 1436 1341 1480; x_wconf 85' lang='lat' dir='ltr'><em>indicanda.</em></span> 
     </span>
    </p>

    <p class='ocr_par' dir='ltr' id='par_1_7' title="bbox 298 1512 1406 1723">
     <span class='ocr_line' id='line_1_17' title="bbox 359 1512 1404 1571; baseline 0 -15"><span class='ocrx_word' id='word_1_95' title='bbox 359 1516 596 1569; x_wconf 75' lang='lat' dir='ltr'><em>Chymiam</em></span> <span class='ocrx_word' id='word_1_96' title='bbox 622 1518 887 1570; x_wconf 82' lang='lat' dir='ltr'><em>generalem</em></span> <span class='ocrx_word' id='word_1_97' title='bbox 915 1523 960 1557; x_wconf 86' lang='lat' dir='ltr'><em>et</em></span> <span class='ocrx_word' id='word_1_98' title='bbox 981 1517 1266 1571; x_wconf 79' lang='lat' dir='ltr'><em>applicatam</em></span> <span class='ocrx_word' id='word_1_99' title='bbox 1283 1514 1337 1556; x_wconf 93' lang='lat' dir='ltr'><em>N.</em></span> <span class='ocrx_word' id='word_1_100' title='bbox 1354 1512 1404 1556; x_wconf 85' lang='lat' dir='ltr'><em>C.</em></span> 
     </span>
     <span class='ocr_line' id='line_1_18' title="bbox 298 1589 1406 1643; baseline 0 -11"><span class='ocrx_word' id='word_1_101' title='bbox 298 1601 356 1633; x_wconf 85' lang='lat' dir='ltr'><em>DE</em></span> <span class='ocrx_word' id='word_1_102' title='bbox 385 1591 680 1643; x_wconf 82' lang='lat' dir='ltr'><em>FREMERY,</em></span> <span class='ocrx_word' id='word_1_103' title='bbox 712 1590 860 1634; x_wconf 87' lang='lat' dir='ltr'><em>diebus</em></span> <span class='ocrx_word' id='word_1_104' title='bbox 896 1591 1044 1643; x_wconf 87' lang='lat' dir='ltr'><em>lunae,</em></span> <span class='ocrx_word' id='word_1_105' title='bbox 1083 1589 1256 1643; x_wconf 85' lang='lat' dir='ltr'><em>martis,</em></span> <span class='ocrx_word' id='word_1_106' title='bbox 1297 1603 1406 1632; x_wconf 87' lang='lat' dir='ltr'><em>mer-</em></span> 
     </span>
     <span class='ocr_line' id='line_1_19' title="bbox 298 1666 1046 1723; baseline -0.001 -13"><span class='ocrx_word' id='word_1_107' title='bbox 298 1666 427 1718; x_wconf 84' lang='lat' dir='ltr'><em>curii,</em></span> <span class='ocrx_word' id='word_1_108' title='bbox 459 1666 562 1723; x_wconf 87' lang='lat' dir='ltr'><em>jovis</em></span> <span class='ocrx_word' id='word_1_109' title='bbox 592 1673 631 1710; x_wconf 91' lang='lat' dir='ltr'><em>et</em></span> <span class='ocrx_word' id='word_1_110' title='bbox 656 1666 839 1721; x_wconf 74' lang='lat' dir='ltr'><em>veneriS,</em></span> <span class='ocrx_word' id='word_1_111' title='bbox 872 1667 913 1710; x_wconf 89' lang='lat' dir='ltr'><em>h.</em></span> <span class='ocrx_word' id='word_1_112' title='bbox 941 1667 1046 1712; x_wconf 86' lang='lat' dir='ltr'><strong>XII.</strong></span> 
     </span>
    </p>

    <p class='ocr_par' dir='ltr' id='par_1_8' title="bbox 294 1745 1407 1940">
     <span class='ocr_line' id='line_1_20' title="bbox 354 1745 1404 1798; baseline 0.003 -15"><span class='ocrx_word' id='word_1_113' title='bbox 354 1745 625 1785; x_wconf 88' lang='lat' dir='ltr'><em>Botanicam</em></span> <span class='ocrx_word' id='word_1_114' title='bbox 664 1751 708 1785; x_wconf 92' lang='lat' dir='ltr'><em>et</em></span> <span class='ocrx_word' id='word_1_115' title='bbox 743 1745 1094 1798; x_wconf 79' lang='lat' dir='ltr'><em>Plzysiologiam</em></span> <span class='ocrx_word' id='word_1_116' title='bbox 1126 1745 1404 1797; x_wconf 79' lang='lat' dir='ltr'><em>plantarum</em></span> 
     </span>
     <span class='ocr_line' id='line_1_21' title="bbox 297 1818 1407 1876; baseline 0 -14"><span class='ocrx_word' id='word_1_117' title='bbox 297 1820 338 1863; x_wconf 83' lang='lat' dir='ltr'><em>J.</em></span> <span class='ocrx_word' id='word_1_118' title='bbox 369 1819 537 1872; x_wconf 80' lang='lat' dir='ltr'><em>KOPS,</em></span> <span class='ocrx_word' id='word_1_119' title='bbox 568 1819 714 1863; x_wconf 82' lang='lat' dir='ltr'><em>diebus</em></span> <span class='ocrx_word' id='word_1_120' title='bbox 739 1820 885 1873; x_wconf 84' lang='lat' dir='ltr'><em>lunae,</em></span> <span class='ocrx_word' id='word_1_121' title='bbox 916 1819 1087 1872; x_wconf 87' lang='lat' dir='ltr'><em>martis,</em></span> <span class='ocrx_word' id='word_1_122' title='bbox 1118 1818 1223 1876; x_wconf 85' lang='lat' dir='ltr'><em>jovis</em></span> <span class='ocrx_word' id='word_1_123' title='bbox 1258 1826 1298 1862; x_wconf 86' lang='lat' dir='ltr'><em>et</em></span> <span class='ocrx_word' id='word_1_124' title='bbox 1329 1832 1407 1862; x_wconf 84' lang='lat' dir='ltr'><em>ve·-</em></span> 
     </span>
     <span class='ocr_line' id='line_1_22' title="bbox 294 1894 593 1948; baseline 0.01 -11"><span class='ocrx_word' id='word_1_125' title='bbox 294 1894 435 1948; x_wconf 85' lang='lat' dir='ltr'><em>neris,</em></span> <span class='ocrx_word' id='word_1_126' title='bbox 466 1895 508 1939; x_wconf 91' lang='lat' dir='ltr'><em>h.</em></span> <span class='ocrx_word' id='word_1_127' title='bbox 543 1895 593 1940; x_wconf 86' lang='lat' dir='ltr'><em>X.</em></span> 
     </span>
    </p>

    <p class='ocr_par' dir='ltr' id='par_1_9' title="bbox 292 1972 1409 2408">
     <span class='ocr_line' id='line_1_23' title="bbox 354 1972 1409 2024; baseline 0.002 -12"><span class='ocrx_word' id='word_1_128' title='bbox 354 1974 617 2014; x_wconf 77' lang='lat' dir='ltr'><em>Historiam</em></span> <span class='ocrx_word' id='word_1_129' title='bbox 658 1977 917 2016; x_wconf 80' lang='lat' dir='ltr'><em>naturalem</em></span> <span class='ocrx_word' id='word_1_130' title='bbox 953 1974 1301 2024; x_wconf 69' lang='lat' dir='ltr'><em>Ilffammaliam,</em></span> <span class='ocrx_word' id='word_1_131' title='bbox 1330 1972 1409 2014; x_wconf 79' lang='lat' dir='ltr'><em>A·</em></span> 
     </span>
     <span class='ocr_line' id='line_1_24' title="bbox 297 2047 1404 2104; baseline 0.002 -14"><span class='ocrx_word' id='word_1_132' title='bbox 297 2049 449 2094; x_wconf 72' lang='lat' dir='ltr'><em>vium..</em></span> <span class='ocrx_word' id='word_1_133' title='bbox 477 2049 726 2103; x_wconf 77' lang='lat' dir='ltr'><em>Reptiliam</em></span> <span class='ocrx_word' id='word_1_134' title='bbox 758 2059 801 2092; x_wconf 92' lang='lat' dir='ltr'><em>et</em></span> <span class='ocrx_word' id='word_1_135' title='bbox 836 2051 1047 2092; x_wconf 74' lang='lat' dir='ltr'><em>Piscium</em></span> <span class='ocrx_word' id='word_1_136' title='bbox 1087 2057 1278 2104; x_wconf 80' lang='lat' dir='ltr'><em>exponet</em></span> <span class='ocrx_word' id='word_1_137' title='bbox 1318 2047 1404 2092; x_wconf 90' lang='lat' dir='ltr'><em>Th.</em></span> 
     </span>
     <span class='ocr_line' id='line_1_25' title="bbox 298 2121 1406 2177; baseline 0.005 -15"><span class='ocrx_word' id='word_1_138' title='bbox 298 2121 350 2163; x_wconf 91' lang='lat' dir='ltr'><em>G.</em></span> <span class='ocrx_word' id='word_1_139' title='bbox 381 2132 471 2164; x_wconf 79' lang='lat' dir='ltr'><em>VAN</em></span> <span class='ocrx_word' id='word_1_140' title='bbox 501 2123 686 2166; x_wconf 87' lang='lat' dir='ltr'><strong>LIDTH</strong></span> <span class='ocrx_word' id='word_1_141' title='bbox 725 2136 793 2170; x_wconf 73' lang='lat' dir='ltr'><em>DE</em></span> <span class='ocrx_word' id='word_1_142' title='bbox 829 2124 1049 2177; x_wconf 88' lang='lat' dir='ltr'><em>JEUDE,</em></span> <span class='ocrx_word' id='word_1_143' title='bbox 1094 2123 1241 2167; x_wconf 80' lang='lat' dir='ltr'><em>diebus</em></span> <span class='ocrx_word' id='word_1_144' title='bbox 1284 2123 1406 2167; x_wconf 86' lang='lat' dir='ltr'><em>lunae</em></span> 
     </span>
     <span class='ocr_line' id='line_1_26' title="bbox 292 2196 1408 2254; baseline 0.003 -14"><span class='ocrx_word' id='word_1_145' title='bbox 292 2204 340 2254; x_wconf 30' lang='lat' dir='ltr'><em>,et</em></span> <span class='ocrx_word' id='word_1_146' title='bbox 367 2197 579 2249; x_wconf 83' lang='lat' dir='ltr'><em>mercurii,</em></span> <span class='ocrx_word' id='word_1_147' title='bbox 610 2196 716 2241; x_wconf 88' lang='lat' dir='ltr'><em>hora</em></span> <span class='ocrx_word' id='word_1_148' title='bbox 739 2200 818 2243; x_wconf 89' lang='lat' dir='ltr'><em>XI.</em></span> <span class='ocrx_word' id='word_1_149' title='bbox 844 2199 1113 2244; x_wconf 85' lang='lat' dir='ltr'><em>Caeterorum</em></span> <span class='ocrx_word' id='word_1_150' title='bbox 1141 2205 1278 2242; x_wconf 86' lang='lat' dir='ltr'><em>autem</em></span> <span class='ocrx_word' id='word_1_151' title='bbox 1310 2198 1408 2243; x_wconf 89' lang='lat' dir='ltr'><em>ani-</em></span> 
     </span>
     <span class='ocr_line' id='line_1_27' title="bbox 292 2273 1404 2331; baseline 0.004 -15"><span class='ocrx_word' id='word_1_152' title='bbox 292 2273 487 2326; x_wconf 83' lang='lat' dir='ltr'><em>malium,</em></span> <span class='ocrx_word' id='word_1_153' title='bbox 532 2273 734 2318; x_wconf 87' lang='lat' dir='ltr'><em>vertebris</em></span> <span class='ocrx_word' id='word_1_154' title='bbox 776 2275 1029 2331; x_wconf 83' lang='lat' dir='ltr'><em>carentium,</em></span> <span class='ocrx_word' id='word_1_155' title='bbox 1061 2274 1306 2329; x_wconf 88' lang='lat' dir='ltr'><em>historiam,</em></span> <span class='ocrx_word' id='word_1_156' title='bbox 1337 2275 1404 2320; x_wconf 87' lang='lat' dir='ltr'><em>die</em></span> 
     </span>
     <span class='ocr_line' id='line_1_28' title="bbox 293 2349 1384 2408; baseline 0.005 -16"><span class='ocrx_word' id='word_1_157' title='bbox 293 2349 437 2393; x_wconf 81' lang='lat' dir='ltr'><em>martis</em></span> <span class='ocrx_word' id='word_1_158' title='bbox 475 2349 618 2394; x_wconf 71' lang='lat' dir='ltr'><em>eadem</em></span> <span class='ocrx_word' id='word_1_159' title='bbox 656 2350 774 2394; x_wconf 85' lang='lat' dir='ltr'><em>hora.</em></span> <span class='ocrx_word' id='word_1_160' title='bbox 1379 2400 1384 2408; x_wconf 55' lang='grc'><strong>,</strong></span> 
     </span>
    </p>

    <p class='ocr_par' dir='ltr' id='par_1_10' title="bbox 1269 2427 1404 2473">
     <span class='ocr_line' id='line_1_29' title="bbox 1269 2427 1404 2473; baseline 0.007 -2"><span class='ocrx_word' id='word_1_161' title='bbox 1269 2427 1404 2473; x_wconf 80' lang='lat' dir='ltr'><em>&#39;Ana-</em></span> 
     </span>
    </p>
   </div>
  </div>
 </body>
</html>
