1483 2860
400 271 936 312 LITERARIA.‘
1151 278 1202 333 ,⁹3

91 385 234 418 tantum
284 378 417 419 summi
464 380 532 419 viri
572 380 766 420 confilium
806 380 929 419 animo
977 379 1207 427 contempla·

90 460 176 487 mur
212 449 462 498 modumque,
489 462 566 498 quo
592 450 631 489 id
660 451 835 499 perficere
875 449 1041 497 studuit,
1067 449 1208 497 cogita-

89 518 193 557 tione
212 520 505 569 perlustramus,
533 520 627 568 quid
653 521 874 559 admiremur
901 519 1047 568 magis,
1079 527 1208 557 utrum

89 588 278 628 audaciam
312 601 386 637 qua
409 597 540 629 contra
579 589 886 638 potentissemum
913 588 1088 637 hostem,
1126 587 1211 626 des-

89 667 258 708 peratum
311 668 347 698 et
380 658 664 698 formidolosum
707 661 845 698 bellum
880 671 1006 709 gerere
1038 667 1116 696 non
1144 667 1210 695 ve-

92 728 188 767 ritus
228 736 313 776 est,
364 740 412 767 an
432 728 606 768 summam
642 741 714 778 qua
758 727 797 767 in
832 730 900 768 hac
945 737 985 767 re
1021 727 1109 766 usus
1151 733 1211 765 est

92 797 330 847 prudentiam
384 807 421 838 et
470 799 838 849 circumspectionem
861 828 875 849 ,
913 799 1021 839 valde
1064 796 1212 838 dubita·

96 877 199 908 mus-

144 936 226 977 Etfi
260 938 424 987 bellum,
453 939 557 987 quod
576 941 828 988 moliebatur,
855 939 1064 988 paullulum
1088 935 1214 976 differ·

97 1019 140 1047 re
168 1016 393 1057 tempusque
425 1010 679 1058 opportunius
716 1009 923 1059 exspectare
951 1009 1098 1056 mallet,
1137 1016 1215 1056 quo

96 1078 158 1117 vel
193 1078 379 1117 Albani
412 1080 471 1118 vis
499 1091 540 1118 ac
566 1089 734 1129 potestas
775 1080 955 1118 diminuta
994 1078 1116 1125 esset,
1155 1076 1216 1117 vel

96 1146 174 1197 ipse
201 1148 347 1187 viribus
372 1149 490 1197 magis
509 1151 647 1188 valeret
662 1179 675 1198 ‚
702 1151 870 1198 undique
896 1157 1020 1187 tamen
1046 1155 1218 1196 tantope-

98 1230 139 1257 re
159 1217 334 1267 precibus
370 1219 773 1268 adhortationibusque
797 1218 1111 1266 invitabatur,ut
1142 1227 1219 1256 am·

99 1289 202 1340 plius
230 1288 397 1328 refistere
420 1289 584 1327 noluerit
612 1289 697 1338 (1).

149 1359 314 1399 Primum
348 1360 448 1409 apud
488 1359 753 1408 Imperatorem
790 1356 1217 1397 Maximilianum

100 1428 150 1468 II.
184 1428 354 1476 aliosque
386 1428 574 1478 principes
612 1428 659 1466 de
697 1428 832 1479 injuria
867 1428 934 1467 fibi
973 1428 1074 1467 illata
1109 1427 1222 1466 vehe-

104 1506 247 1537 menter
274 1506 506 1546 conquestus
544 1507 602 1537 est
635 1507 749 1547 atque
775 1498 822 1536 ab
845 1499 891 1537 iis
917 1498 1097 1538 auxilium
1131 1508 1223 1536 con-

103 1577 162 1607 tra
194 1569 453 1618 Hispanorum
479 1568 556 1607 vim
583 1576 620 1606 et
643 1569 907 1607 contumellam
935 1568 1086 1617 petivit.
1114 1568 1224 1617 Mag-

104 1649 152 1677 na
186 1636 358 1677 facundia
392 1638 440 1677 iis
475 1637 674 1686 exposuit,
717 1649 794 1686 quo
823 1639 971 1677 tandem
1004 1637 1222 1676 temeritatis

103 1708 361 1757 Hispanorum
393 1708 510 1746 libido
528 1706 788 1757 prorupisset,
817 1718 929 1746 omne
953 1707 1122 1756 Belgium
1153 1706 1226 1745 fer-

106 1790 167 1818 rea
200 1790 312 1817 manu
349 1777 418 1817 fibi
451 1777 675 1828 subjiciens,
715 1777 859 1827 ipfique
900 1777 1123 1816 Germaniae
1160 1776 1227 1816 ali-

106 1848 257 1896 quando
290 1846 494 1895 periculosa
526 1846 670 1886 futura.
721 1847 927 1896 Imperator
958 1846 1073 1895 igitur
1101 1845 1226 1884 literas

107 1917 155 1956 ad
179 1916 324 1956 Phili
339 1929 363 1966 p
379 1929 491 1965 pum
515 1917 635 1965 misit,
662 1916 802 1966 quibus
828 1927 914 1955 eum
934 1916 1156 1964 admonuit,
1183 1923 1228 1954 ut

109 1998 131 2025 a
148 1994 247 2025 tanta
265 1986 415 2026 licentia
427 1986 617 2026 desisteret
638 1996 674 2025 et
698 1987 737 2026 G
751 1999 776 2026 u
790 1986 827 2025 li
841 1988 1017 2026 elmum
1044 1986 1083 2024 in
1105 1986 1231 2025 bono-

110 2066 193 2095 rum
219 2055 484 2105 possessionem
509 2058 734 2096 restitueret.
775 2057 915 2096 Verum
943 2056 1229 2106 Philippus

112 2127 322 2176 respondit,
335 2128 459 2167 omnia
475 2129 520 2168 ab
533 2127 567 2169 A
582 2128 631 2166 lb
645 2139 666 2166 a
677 2138 703 2167 n
716 2139 739 2166 o
753 2138 798 2167 ex
813 2127 912 2177 regia
927 2129 1122 2186 voluntate
1134 2125 1228 2176 geri.

1127 2196 1226 2237 Gu-

153 2304 208 2342 (1)
227 2304 295 2335 vid.
316 2306 465 2345 Hoost,
487 2310 546 2345 Op.
570 2310 592 2340 Ι.
612 2310 684 2340 Vol.
708 2310 733 2339 1.
755 2316 822 2347 pag.
847 2314 914 2343 11¹·
