1483 2860
244 290 314 335 148
461 286 495 326 C
528 283 637 324 ΟΜ
666 281 1135 324 ΜΕΝὟΛΤἸΟ

246 413 250 419 ·
294 394 688 442 Magnaexneditio..
744 394 782 431 in
814 406 886 442 qua
926 405 1072 432 omnem
1119 392 1232 442 spem·
1258 393 1363 432 iiiam

241 465 490 507 collocaverat
510 463 813 502 Gulielmus
838 465 1087 503 tristissimum
1115 464 1262 512 quidem
1289 463 1366 505 exi·-

240 542 320 572 tum
354 534 559 572 habuerat:
603 545 734 571 verum
772 544 870 572 nova
902 535 1226 582 quaedam‘atque
1259 534 1364 572 inex·

240 603 402 651 spectata
437 604 615 642 malorum
652 602 860 642 sublevatio
887 603 1036 641 suborta
1070 612 1161 641 erat.
1204 602 1365 642 :Etenim

242 674 433 721 Hispanae
463 674 620 722 copiae,
661 685 745 711 cum
782 672 959 721 stipendia
992 673 1116 711 debita
1153 683 1234 710 non
1270 669 1367 709 acci·

239 753 401 794 pereat,
449 745 718 781 tumultuantes
764 743 942 790 omnique
979 742 1150 780 lasciviae
1201 753 1243 779 ac
1281 752 1365 778 vase

237 813 370 852 tationi
398 813 662 862 indulgentes,
690 812 889 851 dissolutae
915 822 952 850 et
989 824 1056 859 per
1087 811 1206 850 varias
1243 811 1364 860 regio-

238 895 305 922 nes
320 883 514 937 disfipatae
537 884 622 922 sunt
642 884 726 930 (1).
756 883 944 921 Praeterea
971 881 1242 921 Zeelandorum
1267 883 1363 919 clas-

237 953 314 1001 fis,
341 963 378 993 et
401 954 568 1002 potentia
585 982 599 1001 ‚
636 962 672 991 et
700 951 851 992 audacia
885 952 920 989 in
951 951 1031 990 dies
1066 950 1257 990 crescebat
1281 959 1363 989 tan·

237 1032 395 1072 tumque
423 1024 595 1061 timorem
634 1022 816 1071 HiSpanis
841 1021 1073 1069 incutiebat,
1099 1031 1140 1060 ut
1165 1021 1362 1060 Zeelandia

236 1105 363 1134 eorum
391 1094 559 1132 dominio
593 1093 724 1143 suinci
767 1092 876 1142 posse
910 1093 975 1130 vix
1017 1092 1222 1130 videretur.
1274 1090 1362 1142 Qua

237 1165 284 1203 de
326 1176 365 1203 re
398 1165 637 1203 vehementer
675 1162 857 1202 sollicitus
891 1161 1260 1210 Requesenius
1302 1159 1363 1198 in-

236 1243 385 1283 gentem
423 1235 574 1273 classem
624 1233 857 1282 Antverpiae
901 1232 1072 1273 armavit.
1137 1231 1216 1279 Jam
1255 1242 1360 1279 para·

236 1311 275 1345 ta
304 1313 407 1343 erant
443 1304 569 1342 omnia
606 1313 642 1342 et
690 1304 771 1342 dux
804 1302 1037 1352 praepofitus
1084 1301 1357 1350 Adolphus

233 1374 617 1412 Haemstedius.
670 1363 993 1422 Exspectabantur
1019 1381 1162 1410 tantum
1205 1371 1357 1419 Reque-

231 1443 352 1491 senii‚
389 1444 435 1482 ad
472 1445 554 1490 vela
579 1444 718 1489 danda,
757 1443 956 1487 mandata,
990 1453 1111 1490 =quum
1152 1441 1359 1479 Zeelando·

231 1525 314 1552 rum
354 1514 478 1553 classis
496 1542 511 1561 .‚
540 1512 778 1551 Boisotio
795 1541 809 1561 ‚
839 1510 1064 1560 peritissimo
1089 1519 1125 1548 et
1149 1510 1355 1548 fortis'fimo

229 1582 450 1633 praefecto,
486 1583 577 1621 mira
606 1583 792 1621 celeritate
819 1584 857 1620 in
888 1583 1019 1624 hostes
1043 1580 1211 1621 tetendit.
1264 1579 1358 1618 His·

228 1655 314 1704 pani
347 1655 618 1692 Zeelandorum
646 1654 808 1694 adventu
844 1651 1025 1700 attoniti,
1053 1651 1185 1700 proelii
1211 1650 1358 1698 pericu·

226 1726 265 1763 lo
293 1724 329 1764 se
364 1723 542 1775 subjicere
577 1735 654 1762 non
682 1723 761 1767 ,aufi
780 1753 793 1771 ,
831 1705 1115 1771 Antvespiam‚'
1143 1733 1252 1769 quam
1282 1721 1352 1760 vix

226 1794 454 1841 reliquerant
471 1821 484 1841 ,
510 1778 607 1831 anxii
634 1795 868 1841 petiverunt.
912 1792 1088 1836 Zeelandi
1113 1803 1202 1830 vero
1225 1791 1272 1830 ab
1297 1791 1354 1830 in-

227 1864 356 1903 stituto
383 1875 459 1901 non
482 1863 734 1910 destiterunt,
763 1862 822 1901 sed
856 1863 897 1900 in
933 1862 1099 1900 hostiurn
1123 1872 1236 1900 naves
1259 1861 1354 1899 acri-

226 1943 282 1984 ter
312 1934 557 1978 invehentes,
595 1932 764 1982 quinque
790 1944 914 1970 earum
961 1941 998 1978 et
1030 1931 1148 1980 ipsum
1186 1931 1354 1980 praefec-

1269 2009 1351 2040 tum

256 2153 312 2192 (ι)
331 2139 402 2186 vm.
424 2158 519 2192 nor,
549 2157 617 2186 Lib.
647 2157 715 2186 vn.
745 2157 801 2185 soi.
833 2163 876 2188 ις.
906 2168 944 2177 -
972 2155 1211 2189 ninothus.
1242 2157 1300 2193 op.
1321 2158 1349 2189 ι.

221 2217 372 2246 pag-155·
407 2227 437 2233 -
458 2212 626 2246 Viglius
656 2213 691 2240 ad
718 2213 970 2247 Hopperum,
997 2211 1097 2245 Epist.
1126 2212 1285 2242 ccxxxl.
1306 2225 1348 2240 -ι

223 2266 373 2301 Hooft,
394 2267 457 2303 op.
480 2271 632 2304 pag.362.
650 2268 716 2305 sqq.
738 2282 776 2290 —
797 2270 879 2298 van
903 2269 1118 2304 Metel-eu,
1140 2268 1199 2304 Op.
1218 2269 1286 2299 Lib.
1303 2271 1344 2300 Π.

225 2329 292 2360 240.
309 2322 376 2358 sqq.
