1483 2860
252 198 301 234 42
474 158 1198 225 COMMENTATio‘

254 302 344 332 emt.
372 295 634 341 contendunt,
672 306 712 331 ea
748 294 930 332 contineri
961 304 1156 334 contractu
1192 297 1225 334 si
1262 306 1369 346 pacta

252 372 383 413 postea
422 364 515 402 inita
553 363 697 412 aliquid
735 365 941 402 detrahant.
1020 365 1089 403 Ait
1132 365 1228 404 enim
1259 367 1368 416 Papi-

251 435 410 472 nianus:
442 463 465 481 „
491 434 599 471 Pacta
632 443 843 481 conventa,
872 446 965 481 quae
992 443 1125 481 postea
1154 434 1277 482 facta,
1306 436 1368 473 de-

255 532 280 551 „
307 504 458 540 trahunt
491 502 635 550 aliquid
669 503 848 551 emtioni‚
876 504 1057 541 contineri
1085 512 1278 542 contractu
1311 505 1368 542 vi-

252 604 277 623 „
302 575 457 612 dentur:
489 586 583 621 quae
614 585 702 610 vero
738 573 941 622 adjiciunt,
968 574 1153 612 credimus
1181 575 1254 612 hoc
1289 585 1367 612 non

253 672 278 692 „
303 641 472 681 inesse.’'
542 644 641 682 Ecce
678 643 821 681 disertis
861 643 986 681 verbis
1026 645 1163 692 docet,
1216 653 1364 693 pactum

248 713 424 764 adjiciens
470 725 514 752 ex
551 714 745 751 intervallo
792 714 1000 752 contractui
1050 716 1232 764 adjectum
1279 715 1368 753 huic

248 795 326 823 non
362 784 504 830 inesse,
535 793 571 821 ct
596 795 642 821 ex
669 792 772 831 parte
802 785 938 822 actoris
972 786 1092 822 valere
1115 793 1250 833 negat,
1279 784 1366 833 quia

246 857 292 893 ad
325 854 506 892 actionem
546 864 622 892 non
654 854 806 900 prodest
845 854 929 902 (1).
996 855 1068 892 Sed
1103 866 1146 892 ex
1174 864 1278 902 parte
1312 855 1365 893 rei

242 927 386 972 semper
420 923 602 962 actionem
641 923 768 969 tollit,
809 922 894 969 quia
930 935 993 960 reo
1031 922 1171 972 semper
1211 925 1365 973 prodest

246 995 293 1033 ad
333 978 614 1042 exceptionem3
669 1003 753 1029 nam
790 993 821 1029 si
858 992 897 1029 in
927 1001 1048 1030 totum
1093 1002 1247 1042 potest,
1299 1005 1367 1032 cur

243 1076 321 1104 non
356 1072 391 1101 et
422 1075 504 1111 pars
530 1064 608 1112 ejus
639 1061 813 1110 pactione
851 1062 986 1099 mutari
1013 1071 1139 1110 potest
1165 1063 1250 1111 (2).
1279 1065 1365 1102 Pac-

244 1147 279 1176 ta
297 1147 386 1174 vero
412 1135 552 1183 adjecta
573 1131 793 1170 considerari
815 1141 1001 1181 tamquam
1022 1141 1237 1171 contractus
1260 1134 1368 1181 prin,

239 1206 369 1255 cipalis
407 1203 623 1246 accessoria,
651 1202 812 1240 debent:
867 1201 1024 1250 possunt
1061 1201 1186 1250 itaque
1224 1212 1290 1251 per
1324 1215 1365 1241 ea

240 1276 508 1325 obligationem
546 1273 787 1322 principalem
829 1282 1000 1318 mutare,
1054 1275 1166 1311 modo
1208 1283 1363 1311 naturae

241 1354 455 1385 contractus
491 1355 568 1382 non
601 1342 670 1380 fint
707 1342 916 1389 contraria3
969 1353 1047 1380 non
1090 1343 1185 1381 enim
1229 1355 1295 1391 pei·
1327 1342 1363 1380 sc

239 1416 464 1462 subfistunt‚
493 1413 553 1451 sed
584 1425 649 1462 per
683 1412 947 1461 obligationem
979 1412 1243 1460 principalem:
1270 1414 1360 1451 haec

239 1486 345 1525 causa
382 1495 438 1523 est
474 1494 587 1531 quare
614 1491 721 1530 pacta
760 1481 921 1529 negotiis
956 1481 1071 1519 stricti
1101 1483 1196 1531 juris
1222 1484 1361 1532 adjecta

238 1556 313 1595 five
348 1555 385 1592 in
421 1553 631 1592 continenti
653 1551 728 1590 five
755 1564 799 1589 ex
828 1551 1052 1599 intervallo,
1079 1554 1216 1590 nnllam
1244 1555 1361 1592 actio-

236 1638 320 1665 nem
356 1624 625 1673 producebant.
700 1621 797 1660 Nam
835 1621 933 1659 actio
973 1622 1213 1670 principalis,
1251 1625 1358 1673 cujus

232 1694 511 1734 fundamentum
546 1692 584 1730 in
620 1690 762 1731 solenni
795 1689 959 1728 formula
987 1691 1148 1738 positum
1177 1702 1274 1740 crat,
1312 1694 1358 1731 ad

232 1776 382 1814 pactum
417 1764 596 1812 adjectum
641 1761 770 1800 referri
807 1761 938 1809 nequit
965 1762 1048 1809 (3).
1113 1761 1214 1800 Haec
1246 1763 1356 1803 etiam

233 1833 340 1872 causa
375 1843 457 1879 est,
506 1843 619 1879 quare
653 1832 692 1868 in
728 1831 919 1869 nonnullis
958 1831 1120 1879 negotiis
1156 1842 1263 1879 pacta
1292 1834 1356 1872 ad·

232 1904 326 1954 iecta
364 1903 501 1941 nullam
549 1901 804 1949 producebant
858 1900 1066 1947 actionem,
1128 1913 1221 1948 quae
1267 1915 1353 1944 cum

1292 1983 1355 2013 na-

271 2096 325 2131 (1)
348 2095 398 2125 Cf.
421 2096 802 2130 Wachtendorff,1.
827 2098 848 2124 1.
870 2104 902 2131 p.
924 2103 991 2134 5¹4·

269 2154 323 2191 (ς)
345 2155 382 2182 L.
409 2163 436 2187 7·
469 2154 494 2189 ς.
521 2154 551 2183 6.
581 2153 612 2182 ff.
646 2153 683 2183 de
705 2160 784 2188 pact.
817 2154 972 2189 Gliiclq
998 2155 1020 2183 1.
1049 2155 1070 2183 1.
1102 2155 1190 2183 Tem.
1215 2154 1240 2184 1.
1267 2155 1303 2184 P.
1322 2154 1349 2183 1.

231 2212 258 2249 §-
281 2219 347 2244 sti.
370 2220 402 2246 p.
428 2213 495 2240 261.
517 2210 577 2238 N0.
603 2213 650 2240 88.

266 2269 321 2305 (s)
343 2270 405 2299 wa
422 2268 573 2298 chtend
594 2269 692 2303 ,1.1.
715 2275 747 2302 p.
770 2272 837 2302 508.
