1483 2860
261 273 308 313 88
480 270 1152 312 COMMENTATIO

263 379 530 428 rempubllcam
555 380 739 429 Belgicam
765 380 972 428 pertinente
1000 391 1131 419 ornare
1154 378 1238 429 (1).
1264 379 1380 430 Quod

264 458 371 487 antea
395 460 548 497 quoque
575 460 765 497 nunquam
792 449 931 488 factum
961 459 1050 488 erat.
1094 448 1381 498 Philippus

270 519 387 567 igitur
430 518 497 556 hac
542 518 582 556 in
623 529 698 567 re,
725 529 810 557 cum
843 519 946 566 quod
988 520 1034 558 ad
1067 519 1385 558 Perenotum

273 587 563 635 aliosque‚tum
579 588 684 635 quod
712 589 757 626 ad
777 589 813 627 A
827 588 876 626 lb
892 601 912 626 a
927 599 1038 628 num
1068 588 1228 635 attinet,
1257 587 1388 635 Belga-

273 668 358 696 rum
393 656 478 705 jura
505 657 648 706 primus
680 656 826 698 invafit.
881 658 1026 697 Deinde
1058 655 1387 707 copiisHispanis

267 725 309 764 in
349 725 518 774 Belgium
559 727 802 766 immittendis
845 728 1065 776 privilegia,
1114 726 1204 765 olim
1237 725 1387 765 civibus

270 794 348 834 suis
383 795 557 835 concessa
573 822 587 844 ,
615 797 866 844 imprudenter
893 797 1056 836 diremit.

322 864 424 902 Alb
440 876 498 903 an
513 876 572 903 us
587 892 602 913 ,
629 865 729 914 regia
755 865 976 904 auctoritate
1008 866 1175 904 munitus
1201 876 1278 903 non
1309 874 1391 902 tan-

269 941 352 971 tum
387 934 427 971 in
466 933 518 972 ita
556 934 678 972 dictos
717 935 921 978 haereticos
959 935 1049 974 diris
1087 935 1279 984 suppliciis
1316 934 1392 973 sae·

269 1003 339 1042 viit
355 1032 367 1051 ,
395 1004 456 1042 sed
480 1015 611 1043 omnes
646 1005 765 1054 Belgii
789 1005 919 1051 cives,
943 1005 1073 1054 paucis
1099 1005 1263 1054 exceptis
1280 1033 1295 1052 ,
1318 1006 1393 1043 laea

271 1072 329 1111 sae
348 1074 549 1124 maJ'estatis
574 1086 659 1113 reos
686 1074 801 1123 fecit,
827 1074 1079 1123 immanesque
1104 1086 1242 1124 poenas
1261 1075 1307 1113 iis
1334 1075 1390 1113 in-

272 1142 385 1181 flixit.
438 1144 574 1192 Neque
596 1143 815 1192 accusatos,
841 1153 884 1183 ut
912 1144 1018 1184 causa
1045 1156 1173 1182 eorum
1196 1145 1389 1194 ageretur,

272 1212 314 1251 in
350 1212 458 1252 solita
499 1214 680 1253 ordinaria
708 1215 845 1264 judicia
882 1215 1055 1262 vocavit,
1082 1214 1142 1252 sed
1171 1213 1247 1263 ipse
1272 1214 1391 1252 tribu-

273 1283 336 1322 nal
373 1283 532 1321 instituit
579 1283 693 1332 idque
733 1284 936 1322 turbarum
981 1285 1177 1322 concilium
1225 1284 1394 1334 (Belgica

273 1352 395 1391 Raad
413 1365 489 1393 ναη
509 1353 730 1400 beroeam,
745 1353 991 1401 nuncupavit.
1022 1354 1136 1403 Quod
1161 1353 1362 1391 concilium
1376 1380 1390 1399 ‚

273 1435 390 1471 quum
437 1422 504 1461 fibi
548 1422 719 1471 religioni
754 1432 832 1459 non
861 1421 1031 1459 habuerit
1065 1421 1104 1460 in
1135 1422 1391 1467 innocentium

269 1492 408 1531 civium
444 1493 557 1531 vitam
586 1500 622 1530 et
648 1493 746 1530 bona
771 1491 952 1541 grassari,
985 1491 1160 1541 deinceps
1197 1493 1391 1531 concilium

258 1563 592 1612 sanguinolentum
615 1573 636 1600 a
668 1562 901 1600 nostratibus
927 1560 1069 1601 dictum
1093 1572 1165 1601 est.
1218 1563 1299 1601 Nec
1323 1563 1394 1601 im·

271 1632 421 1671 merito.
481 1633 544 1672 Eo
574 1632 669 1670 enim
706 1630 936 1670 crudelitatis
971 1640 1006 1669 et
1043 1632 1198 1681 injuriae
1234 1644 1390 1680 proces-

271 1700 346 1750 fit,
399 1709 442 1739 ut
473 1701 665 1738 ministros
710 1700 943 1748 evangelicos
982 1708 1018 1738 et
1053 1700 1119 1748 qui
1157 1713 1255 1739 arma
1298 1713 1391 1740 con·

271 1779 328 1810 tra
360 1781 483 1821 regem
525 1769 717 1820 gessissent
761 1781 840 1809 non
880 1778 1050 1818 tantum,
1090 1782 1218 1809 verum
1251 1771 1389 1819 etiam,

1325 1853 1392 1890 qui

307 1919 361 1957 (1)
382 1921 452 1949 vid.
473 1921 671 1956 Privilegium
691 1923 865 1959 Mariae,
887 1924 982 1953 Ducis
995 1926 1203 1963 Burgundiae,
1216 1929 1388 1964 quodinter

268 1977 326 2005 alia
345 1978 420 2006 haec
444 1979 594 2008 continet.

308 2054 331 2069 „
351 2035 409 2063 Dat
423 2035 555 2064 niemant
576 2043 622 2065 tot
645 2036 754 2071 eenige
771 2037 862 2071 stan,
884 2046 964 2072 ampt
977 2058 987 2074 ‚
1007 2040 1073 2068 oste
1094 2040 1277 2080 bediening,
1296 2053 1387 2080 groo-

269 2111 294 2126 ,‚
314 2099 344 2120 te
366 2093 430 2120 ofte
451 2092 554 2129 ldein,
575 2094 726 2129 hoedanig
751 2094 800 2123 die
825 2095 886 2123 ook
909 2096 1011 2124 wesen
1037 2105 1137 2133 mogt‚
1159 2087 1281 2129 zoudcn
1303 2087 1387 2132 mori

267 2168 292 2184 ‚,
313 2149 371 2176 den
389 2150 571 2184 gevordert‚
592 2151 648 2178 ‹lan
668 2151 717 2179 die
738 2153 893 2186 gheboren
919 2160 980 2181 was
1008 2153 1120 2182 binuen
1139 2156 1199 2185 den
1221 2158 1309 2187 lande
1329 2167 1387 2189 van

271 2224 295 2241 „
308 2207 466 2241 Hossand,
486 2208 616 2236 zeeland
635 2215 672 2235 en
691 2208 847 2237 Vriesland
860 2207 881 2221 ’'

313 2262 421 2290 Confr.
444 2262 549 2293 Privil.
587 2264 783 2300 Hollandiae‚
810 2259 891 2302 apud
919 2275 993 2298 van
1023 2269 1225 2307 Meteren,
1261 2273 1288 2301 1.
1319 2273 1384 2313 pag.

277 2327 342 2354 232.
