1483 2860
277 207 323 246 {8
498 211 1163 258 COMMENTATIO

274 315 370 366 sint,
406 319 564 358 rescindi
595 321 781 371 possunt,
819 323 846 362 fi
887 325 980 364 enim
1019 335 1304 378 contraxerunt,
1347 338 1384 370 et

272 388 374 426 nulla
389 387 654 437 imprudentiae
676 391 808 431 indicia
833 394 872 432 in
898 395 1051 443 negotio
1067 395 1292 445 perficiendo
1319 399 1384 438 de-

272 457 428 506 derunt,
456 470 540 497 cum
577 461 720 499 nullum
752 463 926 502 damnum
955 465 1152 514 sentirent,
1179 468 1381 507 conventio

269 526 359 566 haec
386 531 508 576 valet3
548 540 632 567 nam
669 531 792 569 minor
831 543 909 571 non
946 534 1157 574 restituitur
1192 545 1380 586 tamquam

270 599 392 635 minor
417 596 478 635 sed
516 607 700 646 tamquam
738 600 870 641 laesus.
933 603 1184 643 Prohibentur
1219 606 1380 645 secundo

267 668 353 705 loco
377 669 646 706 conventiones
671 669 814 717 facere,
842 670 981 719 quibus
1003 673 1112 711 bonis
1143 674 1379 716 interdictum

267 747 350 785 est,
379 737 505 776 furiosi
544 738 641 776 enim
666 739 718 777 ait
744 741 973 790 Pomponius
1009 751 1046 780 et
1071 745 1152 793 ejus
1183 744 1244 782 cui
1266 744 1379 784 bonis

265 807 501 848 interdictum
541 817 626 857 est,
661 810 762 848 nulla
788 819 844 849 est
872 813 1059 852 voluntas.
1095 814 1122 852 1.
1151 827 1218 862 40.
1253 813 1296 853 ff.
1333 814 1381 854 de

264 878 365 930 R.J.
383 880 530 918 Habent
561 879 655 917 enirn
686 880 724 918 hi
746 890 936 919 curatores
961 882 1037 920 fine
1068 895 1228 931 quorum
1248 893 1381 923 aucto·

262 949 381 987 ritate
410 948 546 998 pacisci
579 959 799 997 nequeunt,
839 962 955 999 aeque
982 963 1023 990 ac
1056 953 1225 1001 prodigi,
1255 953 1376 993 furio·

261 1004 308 1057 sis
336 1019 431 1057 enim
463 1019 763 1069 aequiparantur.
788 1021 815 1058 1.
843 1023 885 1060 6.
912 1020 953 1059 ff.
980 1023 1026 1060 de
1048 1023 1098 1062 V.
1127 1022 1178 1061 0.
1205 1024 1234 1062 1.
1264 1035 1299 1063 1.
1329 1023 1373 1064 ff.

262 1088 308 1129 de
335 1099 440 1129 curat
467 1089 607 1131 furios.
646 1091 789 1130 Eodem
814 1092 925 1130 modo
951 1093 1068 1130 codex
1093 1092 1214 1130 civilis
1228 1094 1377 1134 hodier-

258 1172 330 1200 nus
355 1161 528 1211 personas
545 1190 557 1209 ‚
575 1172 668 1209 quae
691 1161 740 1199 ob
765 1161 902 1210 ingenii
917 1161 1205 1200 imbecillitatem
1229 1165 1378 1203 demen-

257 1232 346 1271 tiam
370 1242 434 1271 aut
466 1230 629 1270 furorem
657 1232 795 1270 tutelae
831 1231 1127 1280 submittuntur,
1155 1234 1377 1274 conventio-

255 1312 322 1340 nes
360 1301 478 1340 facere
517 1302 738 1351 prohibuit,
772 1311 807 1340 et
837 1302 863 1340 fi
901 1311 1006 1341 actus
1039 1302 1304 1351 condiderint,
1331 1304 1373 1343 hi

254 1374 349 1414 nulli
378 1373 554 1412 dicuntur
586 1372 721 1411 etiamsi
758 1371 839 1410 laeli
875 1383 952 1410 non
988 1372 1070 1411 smt.
1111 1381 1181 1411 art.
1217 1386 1290 1421 502
1335 1382 1374 1413 et

257 1456 370 1493 1124.
399 1444 448 1482 ita
471 1453 592 1481 tamen
607 1452 646 1480 ut
663 1471 676 1490 ‚
705 1443 869 1490 quicum
895 1453 939 1480 eo
963 1441 1024 1479 cui
1048 1441 1234 1480 bonorum
1257 1443 1373 1481 admi-

252 1514 419 1553 nistratio
449 1523 505 1551 est
529 1514 668 1551 ademta
692 1511 945 1558 contraxerit,
975 1512 1086 1560 hujus
1111 1511 1286 1560 personae
1315 1513 1373 1551 in-

251 1585 490 1634 capacitatem
517 1594 709 1632 opponere
742 1590 915 1629 nequeat.
942 1590 1013 1619 art.
1054 1592 1164 1630 1125.
1191 1608 1250 1616 -
1275 1583 1374 1633 Qui-

250 1656 406 1694 busdam
447 1665 562 1703 porro
602 1652 768 1702 personis
802 1651 959 1690 facultas
994 1652 1136 1690 ademta
1167 1662 1222 1691 est
1249 1662 1369 1692 certas

248 1724 541 1765 conventionum
571 1722 708 1771 species
735 1722 913 1770 ineundi,
956 1733 1047 1770 quas
1075 1734 1202 1761 omnes
1244 1735 1370 1762 recen-

246 1797 323 1835 sere
354 1806 431 1833 non
466 1804 522 1832 est
557 1793 669 1842 hujus
696 1793 800 1838 loci,
835 1792 1000 1840 exempla
1023 1790 1232 1832 sufficiunt:
1261 1803 1368 1833 tutor

246 1877 287 1904 v.
324 1876 380 1913 gr.
407 1865 460 1902 nil
495 1876 539 1902 ex
562 1863 674 1901 bonis
702 1862 864 1911 pupilli,
905 1874 998 1910 quae
1025 1862 1179 1900 distrahi
1209 1863 1367 1912 possunt

246 1933 316 1974 fibi
342 1945 554 1981 comparare
590 1941 730 1981 potest.
770 1933 799 1969 1.
836 1942 873 1978 5.
912 1931 962 1969 C.
989 1932 1036 1969 de
1062 1933 1232 1972 contrah.
1270 1942 1363 1974 emt.

245 2005 356 2043 vend.
398 2003 562 2042 Eandem
587 2003 749 2050 regulam
770 2000 923 2039 sancivit
959 2009 1030 2038 art.
1055 2003 1177 2049 1596,
1207 2004 1272 2050 qui
1299 2015 1364 2053 pa.

242 2075 333 2113 riter
370 2072 522 2120 statuit,
574 2072 810 2110 mandatariis
848 2079 962 2120 atque
999 2071 1362 2113 administratoribus

243 2156 321 2184 non
361 2144 471 2182 licere
503 2154 561 2180 eas
587 2153 645 2180 res
673 2153 792 2179 emere
825 2141 862 2179 in
896 2141 1057 2189 publicis
1092 2143 1363 2192 auctionibus,

244 2228 339 2268 quae
377 2227 507 2254 eorum
544 2226 654 2253 curae
675 2213 890 2253 commissae
928 2213 1011 2253 sunt
1046 2216 1132 2265 (1).
1170 2238 1222 2247 --
1258 2217 1356 2256 Sunt

278 2337 331 2375 (1)
353 2336 422 2368 Vid.
441 2339 464 2366 l.
488 2346 517 2373 7.
541 2337 578 2366 C.
598 2337 636 2366 de
657 2335 715 2366 fide
734 2343 766 2367 et
781 2335 849 2371 jure
867 2336 965 2366 hastae
988 2336 1106 2367 fiscalis.
1294 2297 1340 2326 ve

1471 2219 1483 2342 '‘Y-7¹5·
1474 1985 1483 2211 *fi-zs-u—v———u-
1482 1967 1483 1978 ⁴

1470 2299 1483 2756 .‚-—.„—*—-——--——†-—-
