1483 2860
219 187 268 234 58
448 184 1109 227 COMMENTATIO

214 363 287 403 bus
313 366 453 414 dediti,
503 367 549 404 ad
576 364 753 404 saniorem
789 367 932 405 tandem
966 375 1125 404 mentem
1166 367 1325 405 adduce-

212 445 354 474 rentur.
433 436 533 475 Cum
569 447 659 474 vero
702 434 777 484 ipse
816 436 913 484 Papa
949 435 1036 473 huic
1076 435 1322 474 emendationi

212 515 360 553 operam
385 506 511 552 daret,
538 516 578 542 ac
613 503 746 552 simul,
774 513 852 543 turn
880 506 924 543 de
954 505 1066 543 fratre
1086 503 1320 553 Godefrido,

212 574 374 613 Tusciae
408 577 537 622 Duce,
565 575 610 613 ad
643 575 879 623 Imperatoris
912 573 1130 613 Germaniae
1166 574 1324 623 dignita-

209 651 284 682 tem
310 645 529 692 evehendo,
560 653 639 683 tum
673 645 718 682 de
743 645 970 683 Normannis
999 656 1043 682 ex
1068 644 1174 683 Italia
1197 645 1326 693 expel-

210 715 329 753 lendis
366 714 457 752 serio
493 714 701 763 cogitaret,
729 725 829 752 mors
861 725 945 753 eum
980 714 1186 754 Florentiae
1212 714 1326 752 inter-

209 785 312 834 cepit
340 784 484 833 (1058)
513 785 597 833 (1).

262 856 472 903 Stephanus
508 854 576 892 IX.
616 865 683 901 per
715 852 897 901 integrum
932 851 1009 890 fere
1033 862 1168 890 annum
1203 850 1321 889 sedern

196 926 377 974 *papalem
420 923 645 972 occupavit,
672 922 758 968 sed,
786 922 891 959 brevi
922 922 995 959 hoc
1034 921 1212 970 temporis
1244 920 1322 970 spa·

207 994 287 1040 tio,
315 994 475 1031 animum
510 992 665 1030 honoris
697 990 874 1039 cupidum
900 1003 940 1028 ac
964 1002 1094 1040 magna
1120 990 1321 1039 suscipien-

212 1072 286 1104 tem
314 1062 463 1102 confilia
488 1064 604 1112 palam
636 1069 673 1100 et
698 1070 824 1110 aperte
846 1060 1026 1110 prodidit.

700 1212 738 1259 5.
794 1223 833 1258 4.

452 1359 633 1399 Nicolaus
658 1357 715 1395 ΙΙ.
753 1353 1071 1405 (1051—1061).

255 1505 443 1547 Nonnulli
477 1503 731 1542 Romanorum
765 1508 937 1547 proceres
974 1495 1049 1534 suis
1083 1490 1317 1538 commodis,

204 1579 351 1619 absente
378 1572 631 1614 Hildebrando
648 1599 663 1618 ,
689 1567 945 1612 consulentes,
968 1566 1170 1614 joannem,
1204 1562 1318 1601 Vele«

205 1650 253 1690 tri
282 1647 515 1697 Episcopum
542 1642 636 1691 (2),
664 1637 853 1678 Benedicti
880 1637 916 1675 X
956 1634 1131 1679 nomine,
1158 1632 1318 1680 Stepha-

206 1720 246 1762 ni
299 1715 543 1757 successorem
590 1712 683 1750 clam
724 1714 939 1746 creaverunt
995 1706 1154 1753 (1058).
1234 1701 1321 1739 Hit-

208 1788 417 1829 debrandus
462 1794 550 1822 vero
565 1810 579 1829 ‚
633 1793 652 1818 e
691 1777 892 1818 Germania
925 1776 1088 1813 reversus
1105 1802 1117 1821 ,
1165 1773 1233 1811 hac
1271 1772 1323 1810 de·

207 1871 249 1900 te
282 1857 422 1896 certior
469 1853 590 1893 factus
608 1879 622 1899 ‚
668 1848 878 1889 Florentiae
923 1854 1087 1885 moratus
1132 1852 1189 1882 est
1204 1872 1217 1891 ,
1278 1845 1321 1881 ut

1272 1908 1326 1953 ibi

244 2047 300 2084 (ι)
322 2044 414 2075 Conf.
435 2040 602 2074 Nauck,
631 2039 652 2067 l.
676 2045 706 2065 c.
726 2036 781 2064 IV.
806 2035 839 2062 Β.
861 2041 927 2069 pag.
951 2040 1005 2066 55;
1026 2039 1059 2060 et
1079 2033 1116 2061 de
1136 2011 1324 2060 Norman-

209 2106 274 2136 nis
292 2113 308 2133 a
332 2101 534 2136 Stephano
560 2104 599 2124 ex
623 2093 706 2123 Italia
731 2090 943 2128 expellendis,
975 2090 1055 2119 idem
1075 2090 1207 2126 ibidem,
1252 2098 1322 2126 pag.

212 2159 623 2257 6³2²3013³usc4>mbmenm
649 2207 759 2237 indolis
782 2205 964 2245 Episcopum
983 2204 1061 2234 dixit
1079 2207 1100 2236 Ρ
1111 2206 1119 2234 1
1130 2213 1144 2233 a
1152 2213 1171 2234 n
1181 2213 1197 2235 e
1205 2204 1226 2234 k
1237 2204 1246 2233 l
1256 2210 1275 2234 u
1285 2211 1298 2234 s
1308 2223 1320 2240 ,

211 2283 235 2312 1.
254 2288 286 2308 rc.
310 2277 361 2307 w.
382 2272 421 2303 C.
443 2272 466 2301 1.
489 2271 548 2303 Ab,
569 2275 636 2304 pag.
660 2274 706 2300 ⁵7·
