1483 2860
505 192 925 238 nzAcETo.
1226 211 1279 245 23?

295 461 573 504 CAPUT
621 456 1123 498 SECUNDUM.

677 625 758 654 DE

239 776 469 809 PRlNcIPus
507 776 763 807 PEREGRINIS
805 775 1004 804 SINGULIS
1047 777 1175 805 ACETI

398 847 720 881 VARIETATIBUS
753 846 1017 875 CONTENTIS.

204 1179 455 1242 Substantiae
482 1210 503 1238 e
532 1199 671 1249 quibus
697 1199 981 1239 fermentatione
1011 1202 1154 1241 acetosa
1182 1214 1261 1242 ace-

147 1277 227 1308 tum
265 1269 407 1317 acquiri
452 1277 578 1317 potest
608 1281 628 1306 a
661 1268 696 1306 se
737 1270 897 1309 invicem
925 1270 1072 1320 forma,
1118 1273 1262 1321 origine

141 1347 256 1387 atque
295 1337 571 1377 characteribus
609 1338 770 1377 externis
809 1351 921 1387 quam
957 1342 1114 1381 maxime
1154 1343 1291 1383 diffe-·

143 1416 259 1456 runt,
289 1418 418 1446 natura
451 1420 539 1446 vero
561 1409 689 1447 intima
716 1408 755 1447 in
779 1409 852 1448 hoc
874 1411 1128 1460 conveniunt,
1158 1415 1263 1461 quod

145 1477 305 1527 singulae
327 1478 523 1516 exhibeant
537 1476 745 1516 saccharum
760 1506 774 1527 ,
788 1490 938 1529 mucum
953 1507 967 1527 ,
981 1480 1126 1519 acidum
1145 1493 1263 1521 unum

142 1549 347 1587 alterumve
376 1548 608 1597 vegetabile,
660 1547 736 1585 five
775 1549 885 1586 etiam
922 1559 1089 1590 naturam
1130 1551 1265 1590 farina-

143 1629 246 1656 ceam
280 1617 452 1656 habeant.
505 1617 578 1655 His
610 1617 807 1666 principiis
839 1627 946 1667 aptae
972 1622 1156 1670 evadunt,
1184 1635 1262 1671 quo

143 1687 184 1726 in
224 1686 542 1726 fermentationem
581 1698 660 1725 non
699 1696 842 1727 tantum
886 1689 1079 1739 vinosam‚
1130 1691 1190 1731 sed
1225 1701 1264 1732 et

139 1756 272 1797 deinde
307 1758 345 1797 in
383 1758 561 1796 acetosam
599 1757 708 1796 facile
750 1758 947 1798 transeant.
1025 1762 1263 1811 Quamquam

138 1841 228 1869 vero
262 1828 325 1867 illa
359 1829 542 1878 principia
564 1838 707 1867 acetum
732 1830 978 1878 producentia
1009 1830 1048 1868 in
1082 1833 1258 1871 omnibus

139 1900 417 1947 adssnt‚tamen
441 1907 627 1948 praeterea
654 1899 728 1938 illis
749 1899 858 1938 etiam
878 1901 948 1938 alia
968 1901 1153 1950 principia
1174 1911 1264 1942 sunt

138 1970 327 2017 admixta,
356 1969 456 2019 quafi
483 1969 700 2018 peregrina,
731 1982 826 2018 quae
853 1971 947 2008 aceti
972 1971 1147 2019 producti
1172 1984 1263 2020 qua·

137 2041 262 2079 litates
295 2040 493 2089 valdopere
525 2048 683 2078 mutant.
738 2039 899 2078 Acidum
936 2048 1057 2078 autem
1079 2042 1260 2081 aceticum

142 2108 182 2148 in
207 2109 382 2148 omnibus
405 2110 497 2147 aceti
525 2108 764 2148 varietatibus
791 2118 849 2148 est
876 2109 988 2148 idem.
1017 2110 1134 2149 Hisce
1157 2124 1265 2160 prae-

149 2179 267 2218 missis
295 2178 483 2218 videamus
499 2206 514 2228 ,
551 2180 674 2227 quana
696 2179 880 2229 principia
905 2180 1098 2230 peregrina
1113 2180 1266 2231 fingulis

147 2249 423 2288 contineantur.

1173 2320 1264 2360 Ace·
