1560 2860
396 299 870 342 Onnrxonzu·
1141 292 1191 352 ⁸5

72 420 155 451 cnm
191 409 539 460 Pythagoras,
590 420 667 449 tum
721 410 867 450 Plato
921 408 1186 451 informarunt-³

71 482 146 520 Ht’c
175 482 270 520 enirn
303 481 408 518 illius
443 481 512 519 hac
540 482 584 519 de
623 492 660 519 re
697 482 830 530 placita
869 481 946 519 non
981 480 1092 519 dubia
1123 491 1189 519 ex·

71 551 207 599 pressit
241 550 473 599 imitatione3
503 552 568 589 sed
599 552 722 589 eadem
759 551 808 589 ita
836 551 986 599 poetico
1023 560 1095 589 suo
1124 561 1191 589 ex·⁴

69 621 188 660 coluit
214 621 390 670 ingenio,
418 630 528 669 atque
560 622 609 660 ita
637 624 682 660 ad
709 633 776 660 sua
802 623 846 659 de
874 621 1049 660 mentium
1079 629 1187 659 natu-

69 693 109 729 ra
133 693 276 730 decreta
302 690 579 739 conformavit,
621 699 663 730 ut
701 692 829 740 parum
857 690 985 739 absit,
1013 689 1105 738 quin
1132 690 1188 728 di·

67 769 171 799 'versa
194 761 401 800 videantur.

124 896 223 945 Pag.
254 899 316 935 12.
343 896 412 946 (9)
439 896 558 935 Cari
590 897 727 935 dictum
749 895 909 934 laudavit
936 890 979 933 F.
1002 894 1051 932 C.
1068 892 1188 931 Weis

72 975 137 1005 se:
152 966 439 1016 Philosophische
454 966 752 1017 ⁴Rclt'gionslehrae:
766 994 779 1013 ‚
795 967 862 1015 (ex
884 966 971 1004 edita
996 977 1031 1003 a.
1061 966 1187 1013 1825,

73 1036 247 1084 Luneb.)
275 1048 314 1084 p.
347 1046 409 1084 75.

122 1172 221 1221 Pag.
254 1181 313 1220 14.
329 1172 423 1221 (ιο)
435 1162 525 1210 Non
547 1172 700 1220 ignoro,
714 1160 910 1209 affirmasse
921 1168 950 1206 Β
963 1182 986 1209 o
997 1177 1081 1209 ute
1095 1180 1191 1209 rved

72 1253 92 1279 c
105 1241 116 1279 i
129 1253 153 1279 u
166 1253 199 1279 m
215 1271 228 1289 ‚
244 1241 280 1280 in
305 1241 457 1290 praefat.
473 1242 558 1279 libri
575 1253 585 1280 z
600 1241 675 1279 Die
689 1241 866 1290 Religion
878 1240 946 1278 der
968 1240 1160 1291 Vernunft
1171 1260 1187 1289 ,ς

71 1323 111 1362 p.
128 1323 189 1361 w,
202 1317 303 1351 suam
319 1314 362 1350 de
375 1312 485 1351 rebus
505 1312 639 1350 divinis
656 1311 858 1349 doctrinam
870 1309 1106 1360 Jacobianae
1119 1319 1190 1358 poi

73 1383 148 1420 tius
173 1394 332 1420 sororem
348 1410 360 1429 ,
375 1394 482 1430 quam
501 1380 624 1431 filiam
653 1382 840 1420 dicendam
865 1388 964 1419 esse„
991 1379 1191 1418 Verumta-

77 1464 159 1491 men
186 1462 221 1490 et
246 1463 337 1500 quae
358 1452 492 1490 ibidem
505 1452 550 1490 ab
562 1451 645 1500 ipso
658 1450 909 1500 subjiciuntur
923 1477 936 1497 ‚
955 1458 990 1487 et
1002 1459 1090 1488 vero
1104 1448 1188 1488 uni:

79 1534 179 1561 versa
192 1523 273 1561 libri
296 1524 397 1561 citati
422 1522 516 1561 ratio
542 1531 677 1561 tantam
702 1522 896 1569 utriusque
908 1520 1187 1559 similitudinem

74 1604 155 1631 esse
177 1594 340 1639 docent,
365 1594 437 1640 qua
452 1593 541 1630 satis
563 1592 832 1639 defendantur5
850 1602 941 1639 quae
952 1591 996 1628 de
1015 1589 1189 1628 laudatis·¹

72 1663 247 1701 simorum
262 1662 552 1700 Duumvirorum
578 1660 753 1700 relatione
780 1661 869 1699 dixi.
893 1659 959 1699 Cf.
976 1660 1009 1698 K
1022 1671 1040 1696 r
1053 1671 1075 1697 u
1089 1659 1157 1708 gii
1171 1660 1188 1698 ἐ

73 1732 179 1781 Allg.
209 1730 454 1770 Warter'buch
487 1731 555 1769 der
585 1731 892 1782 philosophischen
925 1718 1190 1780 Wssenschafss‘

71 1812 159 1849 ten,
187 1802 234 1841 11.-
268 1813 337 1851 331
355 1823 369 1850 9
397 1802 424 1841 ia
451 1813 489 1841 v.
519 1800 835 1840 Bouterweks

92 1946 95 1947 ’
121 1938 221 1989 Pag.
244 1949 303 1988 15.
333 1939 427 1989 (11)
444 1938 643 1978 Berkele
652 1939 693 1990 ji
714 1938 879 1979 doctrina
893 1948 937 1975 eo
950 1935 1188 1986 potissimum

35 2039 41 2047 .
75 2010 226 2049 nomine
257 2009 436 2048 Historici
464 2010 666 2049 attentione
691 2009 804 2059 digna
835 2017 917 2055 est,
946 2002 1073 2055 quod,
1101 2009 1189 2044 cum

72 2079 238 2127 pictique
275 2079 486 2119 audaciores
523 2079 725 2118 Idealistae
764 2079 933 2128 religioni
971 2085 1048 2116 non
1083 2077 1190 2116 valde·

73 2146 263 2197 faverent,
302 2149 362 2188 hic
398 2154 550 2198 contra,
588 2161 653 2198 per
678 2150 808 2198 placita
837 2161 929 2196 ειμι,
957 2149 1065 2197 plane
1090 2147 1188 2184 idea—

74 2218 221 2266 listica‚
246 2220 384 2268 optime
408 2225 443 2258 e't
470 2220 742 2259 evidentissime
766 2219 865 2257 illiu's
888 2229 928 2256 se
953 2219 1045 2256 tueri
1077 2214 1192 2265 posse*

74 2299 241 2330 caussam
270 2289 436 2336 putabat.
489 2290 547 2328 De
568 2291 652 2341 ejus
675 2290 872 2337 doctrinm
899 2300 945 2328 ne
971 2286 1192 2326 notissimos

74 2355 162 2394 Hist
199 2356 302 2396 Phil.-
343 2368 513 2398 auctores
543 2359 727 2406 excitem,
767 2367 932 2396 accurate
959 2356 1032 2405 egit
1068 2352 1102 2403 J.
1133 2343 1189 2390 'Ga

1067 2418 1195 2461 Ros-
