1483 2860
352 290 870 343 Lr‘rERARtA.
1108 302 1171 349 ης

36 414 76 451 et
106 396 301 456 privilegi'a
334 405 477 454 integra
516 403 658 445 servata
691 405 830 446 voluit.
883 406 1002 446 Porro
1026 406 1170 447 utrius·-

32 484 112 526 que
143 465 334 515 doctrinae
371 475 474 515 cives
504 475 650 524 absque
690 477 794 516 omni
825 476 1092 526 impedimento
1127 479 1166 516 et

33 545 205 586 molestia
243 547 283 585 in
320 554 421 585 certa
453 557 496 585 ae
537 547 782 586 determinata
814 549 897 587 loca
929 548 1163 596 convenire,

31 614 234 664 Deumque
268 616 330 656 sua
358 616 521 665 quisque
542 617 688 656 ratione
713 618 837 656 colere
860 618 1038 667 permisit.
1095 617 1165 657 Ci·'

30 694 98 725 ves
140 687 305 735 denique
351 696 387 725 et
424 688 460 726 se
510 687 631 737 ipsum
677 688 921 738 jurejurando
961 687 1163 726 obstrictos

30 755 170 796 voluit.
236 757 390 796 Civium
423 766 499 796 erat
536 757 689 806 jurare,
731 765 776 796 ut
811 758 916 806 regi,
963 757 1164 796 Guliel-

29 835 102 864 mo
143 827 263 874 duce,
302 826 458 865 firmiter
492 838 534 865 ac
569 826 781 868 constanter
813 828 1079 876 adhaererent,
1117 830 1163 867 ut

29 894 338 944 Gullielmo,
374 896 414 934 in
452 896 660 946 omnibus,
701 908 797 946 quae
834 897 881 937 ad
908 895 1042 936 summi
1076 897 1164 936 Nu·

30 965 143 1005 minis
162 966 343 1005 honorem
361 996 375 1016 ,
399 966 446 1006 ad
471 966 569 1016 regis
595 967 823 1017 majestatem
863 976 900 1006 et
935 968 982 1007 ad
1021 967 1162 1017 patriae

29 1034 180 1075 salutern
203 1037 423 1084 tenderent,
464 1036 607 1086 semper
635 1037 862 1087 obedirent3
893 1045 937 1077 ut
967 1038 1161 1088 denique5

23 1105 107 1156 jura
130 1106 192 1145 sua
209 1117 250 1145 ac
277 1106 471 1155 privilegia
490 1105 632 1156 semper
663 1116 886 1156 tuerentur,
924 1119 1049 1158 neque
1073 1119 1161 1148 cum

29 1175 128 1224 regis
154 1175 319 1226 legatisj,
347 1175 415 1215 nifi
444 1176 698 1216 consentiente
721 1178 881 1218 Gulie
897 1182 1021 1228 lmo,
1040 1178 1164 1229 pacis-

30 1253 220 1284 cerentur.

73 1315 162 1364 -lpse
197 1315 503 1356 Gulielmus
525 1310 791 1368 jusJurandum
828 1319 965 1369 dabat,
1001 1318 1039 1358 se
1070 1317 1158 1359 suos

28 1392 159 1425 contra
187 1381 382 1436 Hispanos
422 1379 658 1427 defensurum
690 1381 770 1428 esse
797 1400 922 1438 neque
963 1401 1050 1429 curn
1073 1396 1162 1439 rege

27 1452 159 1498 aliisve
188 1452 411 1498 hominibus
434 1460 578 1508 absque
606 1458 760 1498 suorum
786 1459 995 1509 consensu,
1021 1460 1068 1499 de
1093 1458 1162 1499 ali-
1215 1450 1220 1454 ἃ

31 1541 106 1579 qua
134 1540 175 1566 re
199 1538 399 1577 pacturum
435 1522 528 1568 esse.

82 1599 252 1638 Tandem
288 1599 489 1647 utriusque
526 1600 718 1638 doctrinae
756 1599 878 1639 socios
917 1600 1163 1650 jurejurando

30 1669 227 1709 devinctos
256 1669 379 1709 voluit
395 1698 408 1717 ‚
436 1677 479 1707 ut
507 1677 635 1708 mutua
653 1669 906 1708 benivolentia
924 1699 940 1721 ‚
966 1669 1165 1709 tolerantia

27 1751 70 1781 ac
99 1740 252 1780 lenitate
289 1740 405 1778 vitam
431 1740 613 1789 placidam
636 1748 790 1789 agerent
806 1740 881 1790 (1).

82 1811 264 1851 Guliel
279 1822 315 1850 m
329 1823 353 1849 u
367 1822 385 1849 s
408 1810 524 1860 igitur
537 1810 635 1849 nihil
657 1810 850 1859 antiquius
872 1809 1032 1858 habuit,
1048 1815 1163 1859 quam

28 1889 74 1921 ut
108 1881 267 1932 patriam
305 1893 327 1920 a
358 1881 503 1920 crudeli
544 1882 804 1930 Hispanorum
845 1880 1005 1929 irnperio
1027 1877 1163 1919 libera-

29 1959 115 2003 ret3
151 1953 219 1993 fibi
253 1964 345 1992 vero
372 1953 553 1991 summum
592 1951 789 2000 imperium
822 1950 1028 1989 attribuere
1061 1950 1162 1989 haud

30 2017 218 2075 quaquam
244 2023 400 2063 molitus
437 2031 495 2063 est
520 2022 605 2073 (2).
635 2022 807 2073 Belgium
841 2033 862 2062 a
901 2019 1166 2071 Philippo

1104 2103 1164 2131 re·

74 2202 131 2242 (1)
151 2204 260 2235 omnia
269 2213 365 2243 ,quae
378 2206 438 2234 huc
455 2205 613 2241 pertinent
621 2203 774 2241 copioflus
794 2204 952 2234 traduntur
967 2205 1047 2241 apud
1064 2206 1085 2233 B
1098 2212 1161 2242 or,-

38 2260 104 2298 op.
122 2263 147 2290 1.
167 2262 237 2292 Lib.
260 2263 308 2293 VI.
325 2263 383 2292 fol.
400 2265 470 2298 289-

75 2317 132 2356 (2)
142 2318 279 2355 scriptor
289 2327 380 2350 anon.
393 2321 430 2361 (3
441 2328 458 2349 e
467 2329 483 2348 a
491 2328 511 2349 u
520 2320 561 2348 fo
571 2325 598 2348 rt
608 2318 619 2348 ἱ
628 2327 648 2349 u
657 2329 669 2350 s
678 2317 708 2358 r)
720 2320 751 2348 ln
764 2327 859 2356 opere
867 2320 970 2356 pasfim
980 2319 1113 2348 laudato.
1122 2305 1164 2342 —5

37 2371 142 2409 Earn
154 2381 218 2406 eet·
232 2375 274 2406 n.
283 2383 317 2412 p.
329 2380 385 2409 282
393 2377 499 2408 nescio
508 2385 570 2415 quo
589 2384 695 2406 errore
703 2378 812 2408 ductus
824 2396 834 2413 ‚
844 2375 975 2407 narravit
985 2395 997 2412 ,
1007 2377 1031 2405 G
1041 2383 1061 2406 u
1071 2377 1080 2403 1
1091 2375 1128 2404 le
1137 2376 1164 2404 1:

598 2432 639 2471 H
665 2445 689 2472 a
1063 2432 1160 2462 ’πᾶ
