1483 2860
414 193 850 253 JU'RIDICA.
1149 215 1198 253 29

87 324 177 353 vero
210 312 318 350 etiam
358 313 558 351 nonnullae
592 309 794 360 personae,
846 321 940 358 quae
985 311 1073 350 licet
1107 320 1206 350 recte

85 395 170 422 cum
204 383 286 422 aliis
316 383 554 429 contrahant,
582 393 666 420 cum
694 381 775 419 aliis
801 388 923 419 tamen
942 382 1206 430 prohibentur.

91 454 154 492 Sic
191 462 297 501 pater
332 461 369 491 et
399 451 499 490 filius
536 451 711 500 quoniam
736 452 820 501 jure
857 451 909 489 R.
944 463 1014 500 pro
1033 461 1107 489 una
1143 452 1208 490 ha-

89 523 228 561 bentur
260 521 446 572 persona,
498 521 596 559 inter
635 520 671 559 se
717 520 856 570 pacisci
893 530 1087 570 nequeunt
1120 521 1204 571 (Ι).

88 593 129 632 Si
161 604 253 632 vero
280 592 380 631 filius
415 603 485 640 pro
520 600 623 640 patre
666 590 894 640 paciscitur,
933 593 1031 630 valet
1058 600 1208 640 pactum

88 672 125 701 et
154 662 313 710 acquirit
345 661 442 711 patri
468 661 723 709 exceptionem
744 661 827 710 (2).
878 662 1015 700 Pariter
1042 660 1137 700 servi
1158 662 1211 700 ci-

88 731 214 770 viliter
239 743 315 770 non
347 731 591 780 obligantur,
619 740 655 769 et
678 731 853 780 personae
871 760 884 779 ‚
914 744 1008 780 quae
1044 732 1210 782 ejusdem

86 799 266 850 potestati
303 800 488 852 subJectae
526 800 639 849 sunt,
680 799 715 839 se
752 801 911 840 invicem
943 801 1111 852 obligare
1143 813 1210 840 ne-

90 878 234 918 queunt
260 870 343 919 (3).
398 871 490 909 Non
518 878 574 907 est
604 871 708 917 quod
731 870 874 917 dicam,
917 869 1022 910 casus
1054 871 1128 910 hos
1147 873 1212 922 ju-

87 952 127 978 re
147 949 278 978 nostro
304 939 518 988 incognitos
551 939 653 987 esse,
681 948 786 989 pater
811 939 907 978 enim
939 948 976 979 et
999 940 1106 979 liberi
1131 951 1211 980 non

88 1021 158 1059 pro
181 1021 253 1048 una
279 1010 464 1047 habentur
487 1008 664 1057 persona,
693 1019 729 1048 et
758 1009 958 1049 discrimen
983 1011 1123 1050 liberos
1155 1011 1214 1050 in·

87 1087 144 1118 ter
168 1089 204 1118 et
225 1079 348 1117 servos
366 1079 547 1118 sublatum
573 1089 645 1118 est.
687 1081 831 1119 Contra
853 1092 943 1119 vero
963 1081 1072 1120 etiam
1097 1082 1138 1120 in
1147 1082 1211 1132 ju-

88 1161 129 1187 re
154 1149 336 1187 hodierno
373 1158 575 1188 occurrunt
605 1149 898 1199 dispofitiones‚
931 1164 1025 1200 quae
1036 1153 1121 1202 jure
1153 1152 1206 1194 R.

86 1218 478 1267 ignoranturtetenim
503 1219 615 1257 certis
636 1219 856 1267 quibusdam
868 1221 1014 1260 cafibus
1037 1222 1210 1263 mulieres

85 1297 225 1338 nuptae
261 1288 531 1327 conventiones
567 1289 662 1327 inire
689 1290 963 1338 prohibentur,
991 1291 1018 1330 fi
1055 1291 1210 1331 consen-

85 1359 148 1398 sus
179 1358 302 1397 mariti
334 1367 398 1397 aut
430 1357 630 1396 auctoritas
670 1358 806 1408 judicis
834 1358 995 1398 deficiat.
1041 1359 1133 1409 Jure
1155 1358 1212 1400 R.

84 1438 216 1468 contra
245 1428 416 1467 mulieres
447 1437 584 1476 nuptae
622 1427 740 1466 valide
780 1427 851 1467 sese
898 1428 1065 1478 obligare
1101 1437 1210 1478 pote-

85 1507 193 1545 rant,
234 1497 346 1535 modo
383 1497 473 1535 Scto
515 1496 709 1546 Vellejano
746 1509 822 1536 non
854 1498 1203 1550 contravenissent‚

86 1569 192 1617 quod
222 1567 392 1616 privabat
427 1567 609 1605 foeminas
642 1567 818 1606 facultate
838 1580 909 1617 pro
945 1567 1026 1607 aliis
1053 1569 1210 1608 interce·

83 1639 194 1679 dendi
224 1637 299 1676 five
327 1649 394 1687 per
420 1636 718 1687 fidejusfionem,
747 1637 822 1676 five
847 1649 914 1687 per
936 1638 1207 1688 constitutum,

83 1708 162 1748 five
196 1709 266 1747 alia
292 1708 434 1746 ratione
451 1736 464 1755 ,
491 1719 568 1746 non
593 1716 716 1746 autem
743 1706 836 1746 illud
862 1708 990 1747 Seturn
1025 1707 1208 1747 foeminas

84 1780 125 1818 in
155 1778 319 1829 propriis
346 1777 507 1827 negotiis
532 1777 604 1816 sese
630 1777 795 1827 obligare
818 1778 965 1817 vetabat
990 1779 1074 1828 (4).
1102 1779 1207 1818 Haec

82 1849 178 1902 juris
208 1849 260 1888 R.
296 1847 480 1898 principia
513 1847 601 1886 olim
630 1848 670 1886 in
702 1848 919 1897 regionibus
951 1849 1047 1899 juris
1084 1849 1210 1898 scripti

84 1919 350 1968 servabantur-3
377 1919 440 1958 sed
462 1918 501 1957 in
532 1917 752 1968 regionibus
777 1919 872 1969 juris
896 1918 1210 1960 consuetudinarii

1123 2002 1209 2032 mu-

124 2114 179 2151 (ι)
200 2113 337 2149 nepta
350 2121 411 2148 er,
433 2113 641 2142 Commentar.
665 2119 704 2140 zu
723 2112 784 2142 den
805 2111 902 2142 Instit.
923 2119 958 2149 p.
976 2117 1044 2147 572.

125 2171 179 2207 (α)
199 2171 251 2200 Cf.
275 2171 430 2206 Noodt,
449 2171 487 2199 de
513 2177 592 2205 pact.
615 2177 644 2199 c.
664 2177 714 2209 24.

124 2226 500 2264 (3)weber.1.1.§.
520 2227 560 2256 8⁶
578 2233 609 2255 et
629 2230 677 2261 87.

126 2284 180 2320 (4)
204 2283 257 2313 Gr.
281 2285 514 2322 Durnnt‘on,
533 2285 557 2314 1.
577 2285 601 2313 1.
625 2284 678 2314 η’.
701 2292 769 2321 2³²·
