1483 2860
518 234 943 274 DE'ACETO.
1067 277 1070 279 ,
1256 246 1305 292 35

184 343 249 385 Sic
280 342 396 381 ,etiam
430 341 602 390 plerique
639 342 771 381 rustici
812 353 959 383 carnem
994 345 1091 386 suam
1126 347 1193 388 diu
1226 349 1299 389 ser-

182 414 336 453 vandam
360 412 400 449 in
425 405 519 448 lacte
557 409 662 449 acido
686 411 784 454 facto
821 423 1032 463 macerant3
1064 417 1152 455 haec
1175 428 1297 460 autem

180 494 266 523 caro
300 481 559 525 tantummodo
589 480 754 519 servatur
784 482 984 522 incolumis
1023 486 1127 524 acido
1156 489 1296 529 acetico

176 552 342 590 inlacte
371 559 564 590 acescente
601 552 769 590 evoluto.
848 553 988 601 Neque
1025 554 1178 594 minoris
1215 541 1296 596 mo.

176 621 293 661 menti
335 629 392 659 ,est
426 621 522 659 aceti
558 622 604 660 ad
644 619 840 660 servand0s
872 623 1028 667 ,fructus
1074 634 1111 663 et
1148 627 1293 675 plantas

171 689 364 738 filiquosas
399 702 491 729 usus
529 692 587 740 1).
666 692 757 735 Fere
801 692 964 741 quisque
1004 696 1148 743 plantas
1186 707 1292 738 aceto

171 761 361 801 confectas
408 772 518 808 quam
565 761 720 799 maxime
755 761 924 810 appetit,-
977 763 1054 801 imo
1091 765 1290 814 aliquando

171 831 319 880 plantae
346 841 412 879 per
440 829 477 868 se
503 841 581 868 non
615 830 739 869 acidae
765 831 805 868 in
831 832 1008 871 acetosam
1036 833 1292 876 fermentatio-

170 913 255 940 nem
298 901 553 950 conjiciuntur
600 909 797 957 antequam
843 903 890 940 ad
930 903 1144 944 alimentum
1179 906 1292 946 inser-

170 972 302 1018 viant„
352 972 476 1020 cujus·
496 971 550 1008 rei
574 972 796 1019 *exemplum
837 972 948 1010 nobis
992 972 1149 1013 brasfica
1186 977 1290 1016 acida

167 1041 346 1089 praebet„
412 1040 695 1089 Antiquisfimis
743 1042 978 1090 temporibus
1023 1045 1097 1093 J‘am
1137 1047 1290 1094 cognita

171 1120 248 1151 erat
287 1111 382 1150 aceti
414 1113 461 1150 ad
500 1110 646 1160 cerasa,
684 1123 830 1160 pruna,
871 1124 1079 1162 cappams„
1118 1115 1286 1167 cinaras,

165 1183 332 1232 agaricos
371 1190 624 1230 campestres,
675 1179 805 1229 fabas,
858 1190 971 1230 atque
1012 1185 1146 1224 multas
1195 1187 1286 1226 alias

165 1251 385 1292 substantias
415 1250 584 1290 mucosas
609 1250 857 1290 conficiendas
886 1251 999 1301 usus,
1028 1255 1158 1302 quales
1183 1253 1287 1296 fruc-

166 1331 228 1361 tus
260 1322 410 1363 nomine
439 1320 634 1360 fructuum
677 1321 998 1361 macaedoniorum
1038 1324 1179 1364 mensae
1214 1326 1284 1382 im?

164 1393 256 1442 poni
291 1392 412 1431 solent
437 1393 498 1441 52).
551 1393 605 1434 Et
631 1391 779 1440 quidem
808 1394 897 1431 haec
918 1394 1141 1434 conficiendi
1170 1395 1281 1436 cibos

163 1462 392 1502 consuetudo
433 1474 543 1510 quam
580 1462 738 1500 maxime
772 1462 936 1501 salutaris
969 1473 1054 1513 est3
1093 1477 1114 1503 a
1153 1467 1283 1507 multis

162 1531 487 1573 etenim-morbis
520 1532 739 1582 scorbuticis
769 1540 850 1570 tum
890 1534 999 1572 etiam
1039 1535 1284 1576 inflammato.

161 1606 227 1644 ‘riis
260 1606 474 1643 humanum-
487 1614 605 1652 genus
640 1602 870 1651 praeservat,
898 1603 986 1642 usus
1008 1616 1097 1644 vero
1121 1606 1278 1646 nimium

158 1684 375 1725 protractus
405 1672 654 1711 ventriculum
688 1671 857 1711 debilitat
887 1682 923 1711 et
947 1673 1083 1724 integri
1107 1678 1279 1725 corporis

160 1746 314 1784 maciem
349 1744 539 1793 producit.

158 1849 161 1851 .
195 1816 375 1866 *Quando
413 1814 481 1852 hae
520 1813 740 1852 substantiae
767 1824 871 1853 aceto
894 1815 1177 1867 conficiuntur,
1204 1819 1278 1857 aci·-

160 1888 250 1925 dum
270 1884 457 1935 aceticum
475 1896 530 1922 .ex
556 1895 660 1922 aceto
695 1884 910 1933 assumunt,
939 1896 974 1924 et
1000 1899 1132 1935 aquam
1163 1901 1274 1936 quam

158 1966 263 1995 antea
293 1955 532 1994 continebant
575 1956 783 2004 deponunt.
863 1956 976 1994 Ratio
1011 1969 1078 1995 cur
1114 1958 1187 1996 hoc
1222 1959 1275 1998 ita

158 2026 225 2065 fiat
256 2026 367 2064 nobis
407 2025 616 2065 adhucdum
653 2025 844 2073 incognita
877 2035 960 2075 est,
1011 2030 1272 2068 tantummodo

476 2098 477 2102 ’
1204 2098 1273 2137 sci-

199 2196 232 2233 1)
253 2195 347 2223 Conf.
371 2193 542 2229 Rogier,
564 2193 646 2222 Dict.
669 2194 803 2224 univers.
827 2195 1007 2230 d’Agricult.
1031 2204 1110 2232 etc„
1133 2197 1210 2226 Tom
1232 2199 1268 2228 X.

157 2261 224 2289 pag.
245 2255 312 2289 869.

203 2310 238 2347 2)
259 2308 429 2344 Rogier,
454 2308 538 2338 Dict.
550 2308 636 2337 univ.
659 2309 842 2343 d‘txgricult.
862 2318 942 2346 etc.‚
963 2312 1054 2340 Tom.
1065 2311 1102 2340 X.
1123 2317 1268 2347 pagam.

673 2359 759 2399 C2
