1483 2860
434 293 945 340 LI-TERARIA.
1167 305 1237 343 ¹53

111 402 266 451 ‘inmper
296 405 394 453 apud
433 412 560 451 gentes
589 412 804 449 extraneas,
848 414 943 451 quae
969 401 1014 440 ad
1038 401 1152 440 vitam
1178 402 1237 441 su-

116 470 339 512 stentandam
362 473 577 512 rneceesaria
611 473 722 520 sunt,
769 472 976 522 exspectare
1011 483 1089 510 non
1128 481 1238 521 pote·

113 552 224 591 rant,
252 552 380 581 omnes
420 538 670 582 remanebant.
723 544 857 590 Ergo,
884 543 950 582 nifi
987 543 1060 580 hoc
1095 544 1233 582 malum

100 613 366 662 ·coercuisset,
403 614 602 653 Honandia
627 622 663 652 et
703 613 897 652 Zeeiandia
936 613 1082 651 tandem
1101 613 1148 651 ab
1177 612 1235 651 in-

105 682 221 721 ·fimae
239 683 593 722 claslis'hominibus
621 684 804 722 habitatae
827 692 940 731 atque
967 682 1120 731 prorsus
1147 694 1234 731 per·

111 752 208 791 ditae
233 752 402 797 fuissent,
462 754 586 804 Quare
633 753 887 793 Gulielmi
928 751 1124 801 prudentia
1161 753 1230 792 hac

111 833 266 870 quoque
305 822 342 860 in
372 835 410 861 re
435 822 572 862 summa
603 823 842 862 admiratione
875 823 986 872 digna
1013 831 1092 870 est,
1117 833 1232 871 utpo-

110 901 148 929 te
182 895 247 940 qui
282 895 418 931 civium
446 896 507 943 jus
545 905 622 931 non
659 893 808 941 quidem
837 893 1051 940 sustulerim
1090 893 1151 932 sed
1174 902 1229 933 ta-

109 949 193 1000 men
228 963 319 999 adeo
356 964 599 1006 coarctaverit
615 992 628 1011 ‚
664 973 710 1008 ut
736 963 920 1012 plurimos
945 976 965 1003 a
990 963 1226 1012 profectione

106 1033 318 1070 deterreret.

604 1166 641 1214 §-
683 1178 723 1213 4.

151 1327 293 1366 Interea
326 1324 686 1373 Requesenius
722 1334 868 1361 omnem
899 1335 1047 1372 operam
1088 1322 1220 1372 dedit,

102 1406 143 1434 ut
186 1397 315 1434 hostes
342 1395 428 1434 suos
471 1406 655 1433 armorum
693 1394 730 1432 vi
764 1393 1041 1442 comprimeret.
1095 1393 1218 1444 Quam

101 1467 151 1504 ob
190 1477 265 1504 rem
302 1465 341 1504 in
384 1465 483 1503 varia
517 1464 624 1503 fimul
658 1464 879 1502 Hollandiae
922 1473 960 1502 et
1000 1463 1219 1502 Zeelandiae

101 1538 182 1574 loca
221 1534 449 1573 incursiones
490 1534 612 1572 facere
639 1534 821 1581 instituit,
861 1546 939 1583 quo
973 1534 1103 1572 hostes
1135 1545 1220 1582 per-

100 1606 249 1644 turbare
292 1607 466 1652 belloque
500 1604 609 1642 finem
650 1604 841 1653 imponere
865 1603 1008 1653 posset.
1072 1604 1218 1643 Praete·

99 1687 160 1714 rea
198 1676 374 1714 omnibus
418 1675 566 1713 civibus
612 1674 718 1712 venia
757 1674 1035 1723 promittenda,
1086 1687 1214 1713 eorum

98 1741 241 1778 animos
288 1752 309 1777 a
352 1739 611 1777 Gulielmo
648 1738 805 1776 alienare
852 1738 1005 1777 studuit.
1073 1739 1215 1777 Verum

95 1810 244 1856 omnia,
288 1821 382 1856 quae
424 1810 649 1847 moliebatur
700 1809 802 1856 Req
820 1808 1213 1857 uesenius‚.Gu·

93 1879 261 1918 l'ielmi
290 1878 606 1928 perspicacitatem
642 1889 679 1918 et
717 1879 944 1928 vigilantiam
977 1879 1127 1918 minime
1152 1879 1214 1918 fu·

94 1949 257 1998 giebant.
322 1949 508 1996 Veniam,
547 1961 658 1997 quam
707 1949 976 1998 promittebant
1016 1950 1209 1999 Hispani,

93 2028 226 2067 ntpote
248 2020 293 2057 ad
317 2030 381 2056 eos
408 2027 549 2056 tantum
584 2019 853 2068 pertinentem,
888 2020 955 2068 qui
987 2022 1046 2059 vel
1072 2021 1211 2060 Roma-

92 2089 403 2128 rio-Catholicae
432 2089 602 2128 ecclefiae
631 2089 751 2128 essent
782 2090 945 2137 addicti,
968 2092 1027 2129 vel
1058 2092 1104 2131 ad
1128 2104 1206 2132 eam

93 2170 386 2208 reverterentur,
413 2173 496 2199 cum
522 2162 700 2200 omnibus
723 2161 800 2200 fere
811 2162 1033 2201 Hollandiae
1054 2172 1091 2201 et
1117 2164 1209 2201 Zee-

92 2231 231 2270 landiae
283 2232 415 2270 incolis
466 2232 609 2280 respuit
652 2233 688 2271 G
706 2233 882 2271 ulielm
899 2245 968 2271 us,
1031 2235 1206 2272 Caeteras

94 2301 347 2349 Hispanorum
386 2302 600 2340 molitiones
630 2301 777 2341 solertia
804 2303 866 2341 sua
893 2312 930 2341 et
966 2303 1105 2341 virtute
1129 2303 1207 2342 ina·

90 2382 158 2413 nes
186 2371 335 2414 reddere
369 2371 530 2422 impense
558 2381 715 2411 conatus
745 2382 816 2412 cst.
883 2374 994 2412 Hune
1022 2373 1059 2412 in
1092 2373 1201 2417 finem

1134 2442 1207 2482 Or·
