1483 2860
529 253 598 302 „a
651 245 953 293 Aen-ro,
1255 262 1302 306 ςι

191 354 320 406 plicari
356 353 512 404 possunt
545 354 592 393 ad
624 363 767 393 acetum
802 365 824 392 e
853 354 985 405 ligno,
1033 368 1120 399 cum
1150 357 1304 412 fimplex

191 426 388 466 distillatio
416 424 477 462 hic
519 423 573 462 nil
611 424 690 462 fere
728 424 886 473 efficiat,
936 436 1020 465 nam
1057 428 1181 476 liquor
1211 440 1305 480 post

189 495 475 536 destillationem
507 494 546 532 in
580 495 751 543 excipulo
787 502 959 542 receptus
987 497 1139 537 odorem
1172 512 1303 552 empyd·

186 564 428 606 reumaticum
449 592 464 612 ,
516 576 626 612 quem
673 572 760 603 ante
802 564 1088 604 destillationem
1140 568 1302 610 habebat

183 645 354 683 acetum,
379 634 501 673 adhuc
525 633 647 672 secum
682 633 777 682 fert;
820 645 866 673 ex
894 646 971 683 quo
994 636 1178 676 conficere
1209 651 1301 688 pos.

182 705 308 744 snmus
329 733 343 752 ,
397 704 504 743 etiam
552 703 625 741 olei
669 704 973 752 empyreumatici
1018 707 1259 755 quantitatem
1283 737 1300 759 ,

182 787 268 814 cum
298 786 393 823 aqua
417 782 454 812 et
477 774 583 812 acido
609 773 749 812 acetico
779 773 886 813 fimul
910 775 1105 815 transiisse.
1142 778 1302 821 Exstant

183 855 306 885 autem
336 845 429 884 duae
462 844 655 891 methodi,
691 843 830 893 quibus
865 854 1009 885 acetum
1040 847 1132 895 ligni
1155 859 1177 888 a
1194 849 1298 898 prin·

181 915 291 965 cipiis
325 913 528 964 peregrinis
576 913 746 963 deputari
781 922 934 965 potest,
986 927 1142 965 quarum
1178 918 1298 968 prima

184 994 243 1024 est
278 984 450 1032 sequens.

232 1054 457 1095 Destilletur
478 1053 598 1103 primo
621 1054 667 1093 ad
691 1053 824 1095 refidui
853 1054 1050 1097 ficcitatem
1076 1070 1199 1109 usque
1216 1072 1298 1101 aceae

181 1134 262 1165 tum
296 1125 390 1174 ligni
425 1126 579 1163 crudum
596 1153 610 1173 ‚
663 1134 775 1173 atque
808 1126 894 1165 dein
928 1127 1054 1176 liquor
1087 1130 1297 1171 destillatus

180 1197 301 1235 flavus
317 1224 330 1243 ,
353 1195 390 1233 in
416 1195 589 1243 excipulo
633 1204 805 1244 receptus
821 1224 835 1244 ,
861 1197 907 1236 ab
930 1199 1015 1236 oleo
1041 1209 1299 1249 empyreumae

179 1266 258 1305 tico
295 1264 461 1313 sequenti
495 1265 639 1303 ratione
672 1265 864 1306 liberetur.
916 1267 1115 1318 Quantitas
1134 1270 1214 1319 ejus
1237 1270 1298 1309 ni-

178 1337 315 1375 mirum
348 1335 585 1374 determinata
617 1348 654 1375 v.
684 1347 719 1375 c.
748 1337 953 1385 amphora,
980 1339 1182 1389 (oxhoofd)
1203 1339 1297 1380 mis'-

172 1414 304 1446 ceatur
320 1434 334 1453 ‚
361 1405 434 1444 five
457 1416 541 1443 cum
569 1417 626 1444 ια.
646 1403 715 1445 lib.
741 1407 927 1456 peroxydi
948 1409 1168 1456 manganefii
1196 1409 1294 1450 bene

180 1475 423 1527 pulverisati,
460 1474 534 1514 five
565 1487 649 1513 cum
691 1488 751 1515 12.
781 1475 848 1516 lib.
876 1475 973 1516 aeid.
1001 1476 1156 1528 sulph.,
1188 1478 1294 1529 five,

170 1555 216 1585 -et
249 1545 321 1583 hoc
355 1543 510 1582 minoris
543 1553 599 1583 est
633 1545 767 1593 pretii,
805 1555 891 1585 curn
924 1550 972 1596 γὲ
1001 1547 1070 1587 lib.
1111 1547 1295 1599 peroxydi

180 1614 401 1664 manganefii
433 1623 469 1653 et
509 1626 567 1652 11·.
598 1613 665 1653 lib.
696 1614 791 1654 aeid.
829 1615 985 1666 sulph.,
1033 1617 1109 1657 five
1146 1621 1295 1661 tandem

170 1698 263 1726 ⁴cum
281 1698 321 1735 9.
349 1685 417 1723 lib.
445 1684 744 1733 hydrochloratis
771 1684 903 1736 sodae,
930 1690 975 1739 3}
993 1687 1064 1728 lib.
1089 1700 1157 1738 per
1175 1690 1294 1739 oxyd.

177 1754 385 1806 manganes.
414 1758 455 1793 et‘
476 1757 522 1805 5}
547 1754 615 1793 lib.
643 1755 739 1795 aeid.
770 1754 893 1804 sulph.
909 1785 923 1805 ,
949 1764 1063 1807 atque
1087 1759 1172 1798 dein
1205 1759 1297 1799 mis-

177 1829 258 1868 cela
299 1837 366 1876 per
402 1824 462 1863 sex
494 1826 604 1863 horas
645 1834 913 1873 temperaturae
947 1833 1019 1876 900
1055 1837 1293 1880 exponatur,

166 1909 257 1946 ‘quo
291 1904 456 1943 tempere
492 1894 762 1944 praeterlapso,
811 1897 992 1935 addantur
1029 1910 1075 1948 19
1107 1899 1178 1939 lib.
1216 1910 1298 1941 car-

177 1968 290 2008 bonis
319 1966 411 2015 ligni
432 1966 586 2004 contriti
613 1966 706 2004 bene
726 1967 875 2016 exusti,
901 1976 1016 2017 atque
1046 1968 1182 2009 iterum
1205 1970 1294 2011 mis-

163 2038 257 2077 -cela
284 2047 352 2086 par
381 2048 426 2077 12
457 2037 567 2075 horas
601 2036 717 2085 quieti
753 2038 892 2086 detur,
943 2050 1022 2088 quo
1056 2040 1157 2079 facto
1191 2041 1296 2081 deni«

179 2120 280 2157 que,
311 2106 474 2145 instituta
509 2107 785 2155 destillatione„
812 2108 850 2146 in
880 2109 1053 2157 excipulo
1088 2110 1297 2159 acquiritur

164 2177 365 2230 „liquidum
380 2204 394 2223 ,
419 2175 464 2213 ab
495 2177 608 2214 odore
631 2185 668 2214 et
693 2176 821 2226 sapore
850 2178 1163 2227 empyreumatico
1187 2191 1296 2229 pror-

176 2248 239 2289 sus
278 2245 355 2285 fere
387 2245 561 2285 liberum.
627 2241 793 2285 Theoria
823 2247 936 2297 huJus
978 2248 1031 2287 rei
1071 2248 1144 2288 huc
1171 2249 1292 2293 redit:

181 2317 328 2360 videtur
353 2314 516 2365 scilicet,
568 2316 627 2356 his
671 2316 878 2357 substantiis
917 2317 1116 2369 admixtis,
1167 2319 1293 2359 oleum

691 2387 783 2428 D2
1216 2399 1297 2433 em«
