1524 2850
270 227 323 258 -ιο
494 214 1165 270 COMMENTATIO

264 325 387 367 tianae
413 331 561 378 placitis
599 334 716 382 tnagis
752 336 946 386 magisque
982 338 1164 379 humanae
1187 336 1380 382 docti-inae

267 397 427 438 formam
447 401 636 449 ,dederunt
662 404 747 454 (1).

260 478 262 480 ’
314 469 487 509 Secundo
511 483 601 510 vero
626 473 773 513 saeculo
790 504 802 524 ,
831 476 1042 527 Episcopi,
1071 470 1136 528 qui
1160 471 1269 521 fimul
1291 481 1379 522 euin

260 539 441 580 Diaconis
485 551 522 581 et
566 545 801 594 Presbyteris
839 548 1116 596 Apostolorum
1158 542 1381 592 administri

259 610 430 661 fuerant,
457 612 585 673 sensim
617 626 705 664 prae
729 617 811 655 aliis
832 618 1051 657 auctoritate
1077 614 1377 670 invalescebant,

256 691 343 720 cum
376 685 571 731 διοικησεὼς
602 686 718 735 magis
757 687 930 727 minusve
960 688 1128 728 extensae
1161 692 1378 741 curam'ge2

257 764 410 804 rerent,
450 764 563 804 atque
604 756 900 807 chorepiscopis
940 758 1003 797 seu
1033 749 1243 809 Episcopis
1276 760 1380 800 rura*-

255 827 360 869 libus
386 828 597 878 praeessent
622 829 706 882 (a).
746 827 844 867 Hinc
861 822 995 878 gradus
1021 831 1255 870 auctoritatis
1277 831 1377 870 inter

253 900 412 938 clericos
433 898 564 940 diversi
590 897 911 938 constituebantur
925 912 938 948 3
952 910 1039 937 cum
1065 899 1161 937 enim
1182 900 1229 939 ad
1249 900 1380 939 condi*-

250 969 397 1009 tionem
416 969 564 1025 civilem
590 979 719 1008 eorum
752 969 921 1017 potentia
942 971 980 1008 in
1004 969 1168 1009 Ecclesia
1195 962 1375 1010 informass

251 1048 377 1086 retur,
405 1050 476 1088 pro
502 1039 718 1077 discrimine
743 1038 961 1086 dignitatis,
990 1041 1066 1088 qua
1099 1040 1138 1078 in
1162 1039 1277 1077 variis
1301 1029 1376 1079 Im-

248 1110 345 1160 perii
364 1109 526 1147 Romani
541 1108 748 1157 provinciis
774 1107 992 1147 fruebantur
1003 1137 1016 1156 ,
1031 1110 1170 1159 majore
1183 1108 1376 1148 minoreve

249 1180 471 1219 auctoritate
492 1179 530 1216 in
550 1179 703 1218 diversis
728 1179 945 1217 muneribus
964 1166 1242 1218 *Ecclefiasticis
1262 1176 1372 1217 etiarn

245 1250 304 1288 uti
326 1258 499 1299 poterant
511 1249 575 1287 :sic
594 1249 735 1288 transiit
749 1249 938 1298 regiminis
963 1248 1061 1287 ratio
1077 1261 1097 1287 a
1113 1249 1243 1286 democ
1253 1243 1372 1288 raticd

245 1320 292 1358 ad
307 1319 597 1357 aristocraticam
625 1319 796 1357 formam.
834 1318 878 1356 In
905 1317 1055 1366 synodis
1079 1327 1200 1356 autem
1216 1318 1374 1368 provin·

245 1389 404 1428 cialibus
436 1389 625 1438 Episcopi
650 1388 940 1436 Metropolitani
967 1400 1054 1436 prae
1087 1388 1219 1426 ceteris
1257 1395 1374 1437 caput

245 1460 498 1506 extollebant,
528 1468 564 1497 et
589 1458 810 1498 Patriarchis
828 1486 841 1505 ,
877 1457 1054 1506 deinceps
1078 1458 1244 1505 exortis,
1272 1458 1370 1497 viam

242 1532 315 1569 late
339 1539 530 1580 patentem
563 1528 770 1567 sternebant
797 1528 843 1566 ad
875 1528 1070 1565 maximam
1095 1527 1371 1568 auctoritatem.

294 1601 471 1639 Attamen
505 1599 672 1637 Societas
707 1598 921 1643 Christiana
958 1598 1153 1646 publicum
1191 1598 1372 1638 defidera‘-

241 1671 305 1709 bat
330 1669 576 1719 praesidium,
616 1677 658 1706 ut
684 1670 827 1707 tandem
859 1680 879 1707 a
903 1668 1228 1717 persecutionibus
1261 1669 1373 1708 diris·

239 1740 342 1779 limis
370 1749 407 1778 et
430 1739 625 1778 calumniis
651 1739 895 1786 liberaretur,
931 1739 1069 1786 quibus
1094 1739 1369 1786 Imperatorum

240 1810 465 1858 iniquitate,
504 1810 626 1859 plebis
652 1809 778 1849 insana
805 1809 904 1848 rabie
938 1817 975 1847 et
1012 1807 1291 1857 magistratuum
1325 1806 1373 1847 li-

237 1879 367 1919 bidine
401 1879 558 1918 obnoxii
593 1888 696 1917 erant
722 1879 941 1918 Christiani.
1007 1878 1092 1916 Hac
1130 1877 1287 1925 periodo
1319 1879 1368 1917 ad

237 1951 350 1990 finem
381 1957 557 1998 vergente
585 1949 738 1987 vulnera
779 1949 866 1996 illa,
915 1958 1011 1997 quae
1045 1947 1167 1987 letalia
1202 1947 1284 1986 esse
1307 1947 1366 1987 vi-

235 2020 448 2068 debantur,
500 2018 643 2058 Divino
691 2019 873 2058 Numinis
920 2018 1062 2058 auxilio
1109 2018 1359 2068 sanabantur3

1269 2087 1362 2136 quin

278 2155 336 2193 (Ι)
361 2155 453 2184 Conf·
487 2155 661 2190 Planck,
704 2153 812 2189 Gefch.
850 2146 905 2181 der
945 2152 1112 2189 Gesellscb.
1147 2147 1358 2190 V'erfassun23

238 2212 346 2243 Erster
365 2213 461 2241 Band.

276 2261 332 2304 (9.)
351 2261 445 2298 conf.
467 2267 646 2303 Villers,
668 2259 760 2303 essai
781 2267 840 2303 sur
866 2268 898 2296 la
922 2262 1145 2305 Re'firni'at‘ffo‘n'
1161 2267 1196 2296 de
1214 2261 1360 2304 Laches,

241 2333 308 2361 pag.
332 2327 399 2361 382.
