1483 2860
557 184 982 226 -nnACETQ
1280 199 1331 243 53

207 292 481 343 pyreumaticae
528 291 633 330 fluidi
679 290 885 340 superficiei
939 293 1177 343 supernatat,
1229 310 1324 346 quae

206 362 326 401 statim
358 361 514 411 separari
554 361 677 398 debet,
744 362 807 400 Ad
839 371 979 400 certum
1007 376 1128 411 usque
1167 369 1319 413 gradum

203 440 482 470 concentratum
525 430 708 478 liquidum
741 432 828 469 loco
864 431 1002 480 frigido
1039 432 1237 480 seponatur
1273 437 1320 475 ad

201 500 563 548 cristallisationem‚
603 513 679 548 quo
712 499 814 539 facto
856 512 877 538 a
923 500 1095 540 cristallis
1131 502 1317 551 separetur

197 571 366 610 llxivium
400 579 516 608 mater
551 579 587 609 et
619 572 664 609 ad
695 582 830 608 novam
865 569 1194 610 cristallisationem
1235 554 1318 613 eua-

192 650 372 690 poretur,
399 641 544 679 tandem
570 649 730 677 remanet
753 639 909 677 fluidum
934 639 1313 690 nigro-brunneum,

192 712 298 760 quod
333 711 435 749 nulla
472 710 633 759 amplius
672 709 830 748 cristalla
868 709 1019 747 exhibet
1040 737 1054 756 ,
1109 712 1311 760 quodque,

191 789 337 830 praeter
371 788 546 818 acetatem
573 779 707 826 sociae,
746 779 855 817 etiam
892 788 1096 817 extractum
1120 792 1314 829 empyreu-

192 851 367 889 maticum
403 859 440 888 et
471 850 785 888 combinationem
822 848 957 888 resmae
982 840 1313 898 empyreumatica'e

192 931 277 958 cum
307 919 394 958 soda
425 920 609 959 continet.
1291 911 1296 915 ’

239 990 304 1028 Sal
339 989 607 1028 cristallisatum
638 990 712 1040 jam
745 989 878 1029 iterum
914 988 1079 1028 solvatur
1114 996 1151 1026 et
1183 988 1306 1028 denuo

186 1059 235 1098 ad
272 1059 604 1098 cristallisationem
649 1058 870 1109 seponatur,
927 1058 1086 1098 cristalla
1119 1057 1305 1106 formata,

186 1130 332 1167 tandem
366 1129 440 1167 leni
473 1129 558 1179 igne
591 1130 631 1168 in
671 1130 798 1168 ahenis
831 1128 961 1168 ferreis
1001 1128 1042 1167 in
1079 1139 1175 1177 aqua
1213 1128 1306 1167 cris-

184 1198 417 1238 tallisationis
464 1200 687 1247 solvantur,
742 1199 809 1237 sub
850 1198 1029 1239 continua
1070 1197 1298 1248 agitatione3

178 1267 270 1307 fufis
296 1279 418 1308 autem
453 1269 639 1317 crystallis
675 1270 720 1307 ad
750 1269 855 1316 illum
891 1281 1012 1317 usque
1049 1270 1203 1318 gradum
1229 1254 1303 1308 ele*-

178 1348 288 1376 vetur
321 1339 449 1383 calor,
490 1349 567 1386 quo
602 1336 650 1375 sal
682 1336 839 1385 griseum
875 1339 1069 1385 colorem,
1096 1337 1299 1386 incipiente

176 1407 494 1459 carbonisatione‚
547 1406 708 1445 inducit.
788 1406 959 1446 Sollicite
983 1409 1060 1455 jam
1094 1416 1298 1456 augeantur

178 1487 425 1526 temperatura
453 1486 490 1515 et
523 1477 700 1525 agitatio,
739 1477 844 1525 quod
879 1477 1030 1525 quidem
1060 1489 1111 1516 eo.
1139 1478 1296 1517 confilio

179 1547 251 1595 fit,
303 1556 345 1585 ut
377 1545 427 1585 sal
455 1534 532 1585 fere
563 1547 607 1584 ad
630 1547 735 1585 illum
772 1548 955 1595 gradum,
1000 1559 1111 1596 quem
1146 1547 1222 1587 fine
1252 1532 1300 1588 de

176 1616 448 1665 compositione
470 1615 566 1654 ferre
587 1624 714 1663 potest
733 1616 944 1664 calefieret,
971 1616 1021 1655 fic
1047 1616 1145 1655 enim
1170 1620 1296 1660 oleum

177 1686 528 1736 empyreumaticum
564 1686 685 1723 adhuc
716 1686 884 1733 praesens
918 1686 1013 1724 aeris
1039 1695 1076 1724 et
1107 1686 1205 1735 ignis
1237 1700 1297 1727 ac-

173 1757 276 1795 tione
305 1757 344 1793 in
380 1755 577 1793 carbonem
611 1763 789 1793 mutatur.
846 1754 1014 1793 Tandem
1051 1753 1098 1794 sal
1123 1757 1294 1796 carboni-

171 1827 287 1866 satum
306 1826 496 1872 solvatur,
522 1834 634 1873 atque
657 1825 818 1863 solutum
842 1825 1124 1873 cristallisetur‚
1151 1838 1196 1865 ex
1217 1839 1294 1875 quo

170 1896 270 1944 sale,
304 1903 445 1934 acetate
481 1894 615 1942 sociae,
652 1895 698 1933 ab
731 1907 828 1943 aqua
865 1895 1177 1940 cristallisationis
1201 1885 1296 1938 libe·

170 1977 243 2015 ro,
292 1965 608 2014 decomposxtione
654 1978 722 2015 per
761 1965 906 2004 acidum
947 1966 1203 2015 sulphuricum
1232 1961 1295 2006 '‘se-

171 2036 301 2084 quenti
333 2037 476 2074 ratione
501 2036 644 2074 acidum
685 2035 865 2074 aceticum
892 2035 1129 2084 purissimum
1162 2038 1288 2085 acqui-

171 2106 202 2143 ri
239 2113 380 2153 potest.
434 2106 496 2145 Sal
534 2107 630 2144 enirn
663 2106 819 2145 mixtum
853 2118 953 2145 cnm
973 2109 1067 2156 0‚36
1100 2106 1155 2146 sui
1180 2109 1287 2147 volu-

173 2174 283 2214 minis
311 2176 476 2226 partibus
504 2176 599 2215 acidi
624 2177 829 2226 sulphurici
851 2179 1093 2216 concentrari⁴
1107 2177 1145 2215 in
1167 2178 1287 2216 aheno

175 2258 342 2297 cupreo,
369 2246 544 2286 adhibitis
568 2247 670 2287 tubis
700 2257 737 2287 et
761 2248 936 2299 excipulo
958 2260 1002 2289 ex
1024 2257 1175 2297 argento
1199 2258 1289 2286 eon⁴

1213 2317 1289 2357 fee-
