1483 2860
175 196 222 240 48
395 192 1064 233 COMMENTATIO

177 316 278 346 mum
314 312 444 352 ‘atque
474 314 582 353 quam
630 302 785 341 maxime
822 311 1103 343 concert-tratum
1143 304 1288 345 acidum

177 375 373 415 aceticum.

226 446 288 484 Ab
316 456 409 493 aqua
443 451 562 481 autem
600 449 636 478 et
672 440 892 489 mucilagine
922 440 1107 491 separatur
1141 450 1286 482 acetum

175 515 426 558 destinatum,
454 511 513 548 vel
541 509 707 558 repetitis
735 509 881 547 vicibus
903 508 998 549 istud
1028 511 1286 560 congelando,

175 587 236 625 vel
267 584 371 622 etiam
410 581 502 620 illud
537 591 608 628 ope
644 578 862 617 substantiae
886 579 1058 618 alcalinae
1089 580 1287 620 saturando

177 665 213 694 et
248 655 331 693 dein
364 650 439 700 sal,
465 652 536 689 hoc
561 651 672 688 modo
706 648 954 698 acquifitum,
980 660 1067 688 cum
1100 650 1289 690 additione

177 725 272 765 acidi
306 722 509 772 sulphurici
547 719 786 759 destillando.

227 795 346 836 Prima
373 792 569 832 methodus
588 802 655 839 per
677 789 972 838 congelationem
993 788 1182 828 veteribus
1203 789 1293 829 che·

173 865 284 907 *micis
310 864 397 918 jam
418 860 568 909 cognita
599 868 691 897 erat.
740 856 989 897 Stahlius
1018 858 1153 897 etenim
1178 867 1294 907 atque·

177 933 324 976 Geof
331 931 352 970 f
361 943 455 979 roy
483 931 558 980 jam
593 929 701 967 initio
731 927 864 966 saeculi
898 927 1038 967 XVIII.
1067 928 1296 977 experimen·

179 1015 216 1045 ta
249 1002 371 1053 magni
406 999 617 1047 momenti,
652 1000 752 1037 hunc
791 998 829 1037 in
861 997 1000 1046 finem,
1039 997 1292 1040 instituerunt.

178 1074 353 1124 Repetita
395 1070 655 1119 congelatione
693 1069 790 1107 euim
833 1066 974 1107 Geof
983 1068 1004 1106 f
1012 1079 1109 1118 roy
1148 1077 1293 1107 acetum

179 1145 260 1186 vini
294 1143 341 1182 ad
372 1142 474 1180 illum
496 1152 617 1188 usque
640 1141 791 1189 gradum
826 1138 1110 1187 concentrabat,
1135 1146 1179 1177 ut
1203 1139 1302 1178 duae

179 1215 374 1255 drachmae
415 1213 461 1250 ad
496 1209 755 1250 saturationem
792 1221 845 1257 44
882 1218 992 1257 grana
1032 1207 1098 1245 sub
1135 1206 1294 1252 carbon,

180 1294 265 1337 pot.
303 1282 490 1331 exigerent
521 1281 591 1330 ι),
617 1289 729 1327 atque
762 1278 1018 1317 Stahlius
1045 1276 1216 1325 monuit,
1250 1289 1297 1316 ex

181 1356 319 1405 septem
359 1355 419 1392 vel
447 1360 535 1391 octo
570 1350 740 1399 partibus
779 1348 873 1386 aceti
910 1347 990 1387 vini
1019 1346 1147 1394 crudi,
1183 1357 1294 1386 unam

181 1423 440 1464 tantummodo
476 1420 568 1460 aceti
606 1418 835 1458 concentrati
874 1417 910 1456 se
949 1416 1125 1466 accipisse
1154 1415 1301 1466 portio·

182 1506 266 1535 nem
295 1494 355 1542 α).
414 1493 513 1531 Cum
545 1499 666 1528 autem
700 1489 740 1526 hi
777 1487 933 1526 chemici
969 1495 1160 1526 uterentur
1190 1493 1300 1525 aceto

185 1564 266 1604 vini
301 1563 415 1601 crudo
433 1590 446 1609 ‚
473 1562 579 1599 nullo
614 1559 727 1597 modo
765 1565 985 1606 acceperunt
1016 1558 1159 1596 acidum
1186 1556 1302 1596 aceti.-

183 1648 270 1675 cum
300 1641 581 1673 concentratum
620 1641 787 1678 purum,
838 1627 899 1667 sed
927 1627 1057 1667 multis
1102 1626 1299 1676 principiis

188 1704 393 1757 peregrinis
429 1702 689 1740 commixtum.
739 1697 1050 1738 Lowitsius
1079 1706 1201 1736 autem
1235 1698 1300 1737 ct.

188 1774 334 1817 Geof
341 1773 363 1812 f
372 1785 464 1821 roy
495 1772 710 1810 methodum
736 1769 919 1818 corrigere
941 1777 1097 1806 conatus
1119 1777 1203 1816 est,
1232 1766 1306 1816 pri*-

190 1858 290 1887 mum
315 1845 430 1893 igitur
455 1851 597 1881 acetum
626 1841 704 1879 vini
728 1839 978 1888 congelationi
1004 1837 1192 1885 submisit,
1218 1836 1306 1875 dein

192 1925 332 1967 partem
385 1913 534 1952 fluidam
586 1919 794 1949 manentem
844 1908 1042 1957 separatam
1082 1918 1126 1944 ex
1171 1905 1305 1944 balneo

192 1998 309 2035 aquae
345 1983 573 2029 destinavit,
629 1981 836 2029 portionem
880 1977 1016 2016 ultimo
1054 1984 1305 2014 transeuntem

194 2067 369 2106 tanquam
396 2053 632 2094 fortisfimam
664 2050 842 2098 collegit,
880 2049 973 2087 hanc
1008 2047 1140 2086 iterum
1173 2045 1310 2095 frigori

1232 2116 1310 2165 gla-

239 2220 272 2256 ι)
293 2217 385 2246 (ons.
402 2215 590 2248 Dorsurt,
613 2212 769 2241 deutsches
791 2211 904 2247 Apoth.
928 2209 1027 2244 Βιιεῐι,
1048 2207 1138 2236 Tom.
1149 2205 1176 2234 1.
1195 2208 1310 2240 pag-7.

238 2275 274 2312 α)
295 2274 423 2324 stubi,
445 2271 614 2309 opuscula,
635 2277 700 2306 pag.
725 2278 793 2304 150.
