1483 2860
277 152 329 189 60
498 148 1170 189 COMMENTATIO

272 258 586 297 conventionibus
621 259 845 307 acquirunt,
873 259 984 307 longe
1017 269 1038 296 a
1072 257 1108 296 se
1143 257 1302 297 invicem
1331 259 1393 308 jus

275 327 390 367 Rom.
428 336 466 367 et
504 328 691 367 Gallicum
726 330 931 376 recedunt;
985 338 1114 365 verum
1148 327 1297 375 quidem
1337 336 1396 366 est

271 397 354 448 jure
373 398 567 436 Hodierno
595 409 713 446 aeque
742 409 782 436 ac
806 399 889 448 Jure
918 398 1032 436 Rom.
1060 397 1279 435 creditorem
1306 408 1397 436 con·

275 475 331 506 tra
358 467 562 506 debitorem
585 469 630 506 ad
658 476 872 506 contractus
898 467 1154 516 impletionem
1180 478 1284 515 agere
1306 478 1397 516 pos-

275 536 334 582 se,
368 536 428 575 sed
462 546 592 575 contra
622 538 770 575 tertium
799 549 952 585 quoque
979 536 1222 586 possessorem
1246 537 1309 586 jus
1337 548 1397 575 ac-

276 605 419 655 quirit,
472 607 559 655 quia
592 619 657 656 per
696 606 813 645 solum
854 615 1086 644 contractum
1122 605 1298 644 dominus
1336 605 1394 645 fit.

274 674 384 714 Valet
420 676 515 714 enim
550 676 807 725 principium,
850 674 929 721 solo
966 675 1137 722 consensu
1178 675 1398 725 acquiritur

274 744 501 794 dominium,
545 746 635 784 adeo
666 746 813 794 quidem
847 755 894 783 ne
930 747 974 783 ad
1002 744 1268 793 acquirendum
1302 743 1397 782 illud

270 818 336 865 jus
375 817 574 855 traditione
617 826 681 856 aut
729 816 798 854 alia
843 817 998 864 quadam
1040 814 1258 853 solennitate
1298 825 1397 863 opus

275 885 320 925 sit
347 888 431 937 (ι).
505 888 585 926 Hac
617 886 732 934 igitur
762 886 802 923 in
833 884 983 923 materia
1017 885 1150 923 Codex
1185 883 1283 922 aliud
1321 883 1399 931 sys-

274 966 371 997 tema
411 957 565 997 sancivit
607 968 718 1005 quam
747 958 809 1006 Jus
844 956 960 994 Rom.
1007 963 1043 992 et
1081 953 1268 992 Gallicum
1303 953 1399 991 anti-

275 1036 407 1073 quum.
484 1027 585 1065 Ante
616 1037 737 1063 rerum
775 1024 871 1062 enim
906 1023 1185 1062 conversionem
1215 1022 1254 1060 in
1278 1021 1399 1071 regio-

272 1096 387 1135 nibus
416 1096 511 1146 J‘uris
551 1095 678 1145 scripti
717 1103 753 1133 et
790 1094 829 1132 in
867 1093 996 1132 multis
1033 1092 1139 1130 etiam
1183 1091 1398 1140 regionibus

269 1165 366 1216 juris
402 1163 740 1211 consuetudinarii,
770 1162 920 1201 traditio
953 1163 999 1200 ad
1032 1160 1238 1200 dominium
1278 1169 1399 1199 trans·

273 1234 465 1273 ferendum
487 1233 769 1282 requirebatur,
797 1232 857 1271 sed
880 1233 916 1270 in
942 1231 1159 1280 regionibus
1181 1229 1397 1277 nonnullis,

273 1315 370 1354 quae
404 1305 580 1342 dicuntur
604 1314 695 1355 pays
724 1303 769 1341 de
799 1302 1060 1349 nantisfiemcnc
1094 1313 1160 1350 per
1197 1300 1399 1339 investitu-

273 1385 350 1412 ram
379 1373 586 1412 allodialem
620 1373 824 1411 dominium
854 1371 1170 1418 transfe1‘ebatur3
1206 1371 1280 1409 huc
1314 1382 1399 1420 per-

273 1443 393 1483 tinent
423 1444 548 1482 literae
580 1442 875 1481 confirmationis
905 1443 1054 1490 (lettres
1084 1441 1128 1479 de
1153 1440 1397 1490 ratification)

272 1526 340 1564 per
364 1514 539 1553 Edictum
570 1513 655 1552 anni
687 1525 801 1561 1771.
831 1512 870 1550 in
908 1511 1134 1549 securitatem
1160 1510 1258 1548 tertii
1282 1510 1399 1549 intro·

272 1585 418 1625 ductae.
473 1583 581 1622 Loco
603 1593 690 1622 vero
718 1583 819 1621 illius
852 1580 1094 1620 investiturae
1119 1580 1200 1628 lege
1228 1591 1270 1618 11
1303 1579 1400 1618 Bru·

271 1655 385 1693 maire
399 1655 477 1694 An.
491 1655 581 1692 VII.
599 1652 858 1701 transscriptio
874 1650 1131 1700 requirebatur
1145 1678 1159 1697 ‚
1188 1647 1239 1688 ita
1258 1657 1299 1687 ut
1312 1657 1399 1688 ante

273 1724 367 1763 hanc
409 1722 748 1772 transscriptionem
785 1721 932 1759 debitor
968 1720 1021 1758 rei
1057 1719 1232 1758 alienatae
1263 1719 1400 1757 immo·

272 1794 361 1833 bilis
392 1793 566 1833 dominus
600 1792 720 1830 adhue
763 1791 970 1830 censeretur
997 1790 1088 1840 (2).
1141 1791 1271 1829 Potuit
1305 1801 1394 1839 ergo

269 1866 394 1918 primo
428 1875 504 1901 rem
533 1863 665 1901 iterum
700 1862 803 1900 alteri
838 1862 954 1908 dare,
983 1861 1075 1898 adeo
1103 1869 1144 1898 ut
1177 1860 1242 1908 qui
1267 1869 1396 1908 poste·

272 1935 371 1973 tiore
401 1933 480 1972 vice
514 1931 789 1981 acquisivisset,
843 1930 869 1969 fi
908 1928 1248 1978 transscriptionem
1288 1942 1396 1968 cura·

272 2003 408 2052 visset,
433 2002 552 2053 priori
580 2000 851 2051 praeferretur:
871 1999 1032 2047 secundo
1064 2000 1168 2038 alteri
1204 2000 1392 2050 hypothe-

1310 2079 1390 2109 cam

316 2183 372 2218 (ι)
392 2181 472 2211 Am.
493 2185 545 2215 711
578 2181 645 2215 938.
673 2182 744 2213 1138
767 2185 797 2207 et
825 2182 912 2213 1583.

309 2240 363 2276 (α)
384 2238 452 2267 Vid.
474 2245 506 2266 v.
531 2235 729 2272 wessem,
750 2236 772 2265 l.
791 2236 814 2264 1.
836 2243 868 2270 p.
893 2244 944 2269 50.
