1483 2860
269 251 320 287 44
483 238 1160 281 COMMENTATIO

268 375 300 396 ,‚
327 358 408 386 rum
429 349 520 387 adeo
545 349 663 388 videri
686 360 763 388 non
798 350 955 398 debeat,
985 350 1009 388 s1
1043 351 1232 400 plerisque
1258 350 1383 400 Belgis

265 445 298 466 ‚,
325 418 488 467 impetus
512 420 583 457 iste
610 420 791 458 novitatis
816 420 1065 469 imposuerit,
1094 421 1160 470 qui
1173 429 1215 460 ut
1236 421 1384 470 franga-
1443 439 1446 445 ·

263 515 295 541 2,
324 489 694 537 tur‚relinquendus
725 499 781 527 est
803 489 870 528 fibi
896 491 935 530 in
961 492 1094 541 pingui
1122 492 1308 540 inertique
1342 492 1387 530 li-

261 585 296 607 „
322 559 467 607 centia,
495 570 543 597 ne
568 561 615 598 ad
653 559 835 599 insaniora
865 562 1035 610 adigatur
1056 561 1286 601 necessitate.
1313 560 1386 599 Vi-

261 655 294 676 „
319 628 443 667 dimus
459 657 472 677 ,
494 639 674 677 quantum
703 630 835 668 turbae
859 631 1108 680 Valencenis,
1143 631 1310 670 Tornaci
1341 638 1379 668 et

260 725 293 747 ,‚
320 700 550 749 Antverpiae
566 728 580 746 ‚
608 700 843 738 accenderit!
874 701 965 749 quid
977 700 1149 740 futurum
1165 730 1177 748 ,
1205 700 1232 740 fi
1252 702 1381 750 plures

260 796 293 817 ,‚
319 769 426 809 fimul
457 771 569 809 urbes
605 771 850 810 reverentiam
886 772 1056 810 exuant?
1095 772 1283 811 Incertum
1320 779 1389 810 est-

258 867 293 888 „
320 842 549 889 remedium,
591 842 699 890 quod
736 842 938 891 pollicetur
974 841 1088 880 nobis
1118 841 1385 880 Tridentinum

258 937 292 958 ,9
318 911 541 958 concilium,
583 919 620 949 et
655 919 698 949 ut
740 922 876 952 vanum
913 912 990 951 esse
1026 913 1247 960 credamus,
1288 912 1389 950 Ger-

259 1007 292 1028 „
319 981 416 1018 mani
441 992 520 1019 non
550 981 752 1030 recipiunt.
805 983 992 1032 Exemplo
1018 994 1148 1021 eorum
1175 981 1303 1020 mitius
1329 979 1388 1019 vi,

257 1076 289 1097 >a
317 1052 480 1089 vendum
528 1061 586 1089 est
624 1063 711 1090 cum
749 1051 939 1101 sectarii33
981 1063 1080 1101 quos
1124 1063 1172 1090 ne
1207 1050 1385 1091 catholici

257 1147 289 1167 aa
317 1119 393 1159 illic
422 1121 615 1171 Principes
654 1122 885 1160 cruciatibus
919 1132 1110 1170 asperant.
1176 1123 1216 1161 Si
1255 1122 1385 1160 crede-

256 1217 288 1238 „
317 1202 420 1239 rem,
461 1193 507 1231 ad
555 1192 800 1230 conscientias
841 1193 1036 1230 hominum
1078 1193 1202 1231 valere
1240 1191 1385 1245 suppli.-

255 1288 288 1308 „
315 1261 442 1309 cium,
469 1261 656 1300 suaderem
683 1263 960 1310 exquisitiorem
999 1274 1189 1310 quamque
1225 1261 1386 1300 crudeli·

256 1357 288 1380 „
320 1340 455 1379 tatem,
503 1331 566 1369 sed
605 1344 690 1371 cum
733 1344 799 1382 per
839 1341 897 1370 tot
931 1343 1049 1370 annos
1089 1333 1175 1381 igne
1202 1331 1380 1378 ferroque

258 1430 290 1450 9,
316 1402 410 1440 nihil
441 1402 655 1450 profectum
693 1402 864 1449 videam,
895 1402 1025 1440 utilius
1049 1401 1180 1451 J‘udico
1213 1401 1382 1440 detrahe-

259 1499 293 1519 „
318 1484 357 1510 re
394 1472 538 1519 aliquid
565 1472 715 1510 horrori
747 1473 901 1520 legum,
951 1483 1061 1519 quam
1100 1472 1218 1519 palam
1258 1469 1382 1508 facere

256 1570 289 1591 9,
317 1542 475 1591 impares
514 1555 573 1580 eas
601 1541 679 1580 esse
707 1541 873 1591 flagitiis.
926 1541 1141 1581 Priscorum
1167 1550 1381 1589 temporum

254 1640 287 1661 9,
313 1611 428 1651 sectas
461 1612 608 1661 gladius
649 1623 727 1651 non
773 1612 935 1661 delevit;
975 1612 1187 1651 eruditione
1227 1619 1264 1649 et
1304 1612 1384 1649 elo-

256 1711 289 1732 „
318 1685 473 1732 quentia
497 1684 672 1731 vitaeque
694 1684 892 1732 exemplo,
929 1682 1094 1721 revocati
1119 1682 1205 1721 sunt
1230 1692 1382 1720 errones

255 1781 288 1802 „
314 1753 370 1791 illi
393 1754 440 1792 ad
479 1753 680 1792 ecclesiam.
743 1753 817 1791 His
858 1753 970 1791 armis
1007 1752 1202 1791 hominum
1247 1751 1380 1790 animis

255 1851 289 1872 ,‚
314 1824 392 1862 vim
422 1824 617 1863 inferimus
634 1853 647 1872 ,
674 1824 806 1872 religio
833 1823 1031 1871 imperium
1058 1821 1236 1869 despicit,
1264 1832 1376 1860 nemo

255 1921 287 1942 „
314 1895 401 1943 cogi
439 1904 588 1943 potest,
627 1902 671 1932 ut
704 1894 829 1931 credat
861 1893 1020 1931 invitus.
1074 1892 1128 1930 Et
1166 1892 1260 1929 haec·
1289 1889 1377 1928 soli-

256 1993 289 2014 „
315 1965 419 2003 diora
441 1964 545 2013 pacis
577 1964 663 2002 sunt
701 1962 882 2010 consilia,
913 1973 1007 2010 quae
1049 1970 1172 2000 tamen
1209 1959 1375 2009 privatae

256 2064 288 2085 „
314 2035 437 2074 curiae
460 2035 659 2074 Senatores
671 2044 748 2071 non
772 2032 975 2081 recipiunt.
1001 2032 1154 2070 Malunt
1167 2031 1290 2069 omnia
1310 2031 1377 2069 fla-

228 2090 233 2094 *
255 2135 287 2156 aa
315 2117 419 2156 grare
443 2105 614 2144 incendio
629 2133 642 2152 ,
671 2112 713 2143 ut
736 2103 775 2141 in
805 2102 968 2141 turbidis
992 2102 1102 2140 undis
1127 2101 1265 2150 largius
1299 2101 1381 2150 pis·

253 2205 286 2226 ,‚
313 2185 459 2216 centur.
510 2176 623 2214 Unde
649 2174 746 2213 enim
769 2172 939 2222 iustitiae
960 2173 1031 2211 ista
1049 2173 1292 2220 corruptela,
1319 2171 1380 2210 ni-

253 2274 286 2296 „
311 2245 340 2285 fi
376 2244 422 2283 ab
462 2244 679 2295 ingentibus
714 2243 866 2282 illorum
895 2241 1027 2290 vitiis,
1066 2239 1263 2281 insatiabili
1296 2238 1379 2278 avi·

253 2342 287 2367 ῃ
312 2315 427 2360 ditate
469 2323 606 2357 cuncta
643 2313 982 2367 prostituentium‘.²
1030 2313 1127 2354 Non·
1161 2310 1375 2364 superarent

1259 2406 1291 2429 „
1318 2382 1380 2416 tot
