1483 2860
186 153 234 191 26
409 143 1081 186 COMMENTATIO

177 259 282 306 five,
309 257 348 295 id
372 255 475 304 quod
507 263 696 311 praestat,
724 262 824 292 certa
846 253 1033 303 -quaedam
1059 253 1156 293 acidi
1181 263 1292 294 tarta·

176 328 245 368 rici
275 310 478 374 quantitas.
528 326 695 381 Acetum,
720 326 794 373 jam
826 322 1041 362 confectum
1073 335 1140 373 per
1164 309 1291 372 coluui

175 400 331 438 linteum
361 394 648 441 transmittitur,
674 393 761 432 dein
783 395 903 432 adhuc
929 405 997 443 per
1020 402 1182 441 quatuor
1211 393 1291 432 dies

176 467 247 509 fibi
280 467 530 515 relinquitur,
581 473 695 512 atque
730 463 878 502 tandem
912 462 1145 513 depromitur
1176 472 1213 502 et
1245 464 1292 513 aci

177 535 284 577 usum
306 533 555 574 conservatur
583 533 643 582 ι).

368 783 690 851 ΞΕΟΙΤῙΟ
741 789 1110 843 QUARTA.

277 940 345 968 DE
386 936 581 966 ACETO
619 933 748 962 v1N1
788 931 1195 960 ARTIFICIALI.

228 1072 368 1112 Multis
405 1071 444 1110 in
473 1071 569 1110 locis
610 1070 807 1120 praecipue
845 1069 918 1108 iuis
956 1069 994 1109 in
1037 1068 1178 1118 quibus
1212 1069 1303 1109 vitis

182 1142 365 1182 rarisfime
397 1141 564 1189 colitur,
591 1151 660 1179 nec
690 1141 799 1180 facile
824 1151 918 1180 uvae
946 1139 1193 1179 maturitatem
1227 1141 1305 1180 adi-

180 1213 410 1263 piscuntur,
462 1222 540 1250 non
580 1223 601 1249 e
637 1211 727 1249 vino
763 1218 907 1250 acetum
945 1211 1176 1261 conficitur,
1226 1213 1301 1253 hoc

183 1284 282 1322 enim
316 1283 428 1321 nimis
467 1280 743 1330 dispendiosum
784 1280 913 1329 foret,
961 1280 1023 1318 sed
1055 1281 1159 1330 quod
1186 1281 1304 1330 vulgo

181 1353 276 1393 aceti
291 1340 320 1391 ve
343 1353 434 1391 vino
454 1351 606 1390 nomine
628 1351 755 1399 venit,
783 1360 1019 1400 praeparatur
1041 1364 1086 1391 ex
1109 1352 1193 1395 uvis
1215 1364 1303 1404 pas-

183 1423 231 1463 slS
247 1452 260 1471 ‚
285 1421 480 1470 saccharo,
511 1421 571 1459 vel
593 1420 715 1458 melie.

234 1495 334 1533 Cum
360 1492 458 1530 enim
484 1503 578 1529 uvae
606 1491 732 1539 passae
763 1490 817 1528 nil
839 1491 940 1528 aliud
970 1490 1067 1539 sint,
1093 1491 1162 1531 nisl
1194 1493 1320 1534 fleca-¹

182 1573 243 1602 tae
270 1573 364 1600 uvae
402 1568 596 1607 recentes,
652 1562 777 1598 omnia
810 1561 994 1609 principia
1029 1563 1224 1603 continent
1262 1565 1302 1605 in

182 1632 271 1682 ipfis
296 1631 380 1670 uvis
403 1630 539 1678 obvia,
568 1629 654 1669 hinc
681 1630 823 1679 optime
847 1630 998 1680 quidem
1024 1632 1192 1673 abhiberi
1220 1647 1313 1685 pos·

184 1704 270 1742 sunt
304 1703 350 1740 ad
377 1700 653 1739 conficiendum
681 1711 840 1739 acetum.
894 1702 1137 1751 praeparatur
1159 1714 1306 1754 autem,

185 1773 281 1812 illud
307 1771 507 1811 secundum
534 1770 599 1810 Cl.
629 1770 703 1819 Yp
719 1783 780 1819 ey
806 1770 974 1819 sequenti
995 1773 1109 1811 modo
1133 1774 1194 1824 2).
1237 1775 1312 1815 Su-

187 1853 338 1883 mantur
365 1842 504 1881 scilicet
540 1855 588 1891 30
622 1841 691 1880 lib.
722 1853 883 1880 uvarum
922 1843 1109 1891 passarum
1140 1843 1312 1887 contusa-

190 1926 302 1962 rum,
343 1926 366 1952 2
398 1913 468 1951 lib.
508 1911 635 1951 tartari
669 1912 709 1950 in
746 1913 939 1961 pulverem
972 1912 1052 1950 triti
1091 1923 1204 1962 atque
1237 1927 1310 1964 140

190 1986 260 2025 lib.
290 1996 430 2034 aquae3
457 1983 552 2022 bene
575 1984 797 2022 misceantur
815 1991 928 2030 atque
945 1981 1094 2021 miscela
1108 1995 1176 2032 per
1195 1986 1217 2037 {-
1239 1983 1309 2022 ho-

1251 2065 1312 2094 rae

239 2166 272 2202 ι)
294 2165 322 2193 R
332 2172 350 2193 o
359 2171 376 2199 g
386 2163 396 2192 i
407 2171 422 2192 e
432 2172 446 2192 r
455 2183 465 2199 ‚
486 2161 697 2192 Dictionnaire
717 2160 929 2197 d’angculture
939 2182 950 2198 ,
972 2163 1063 2196 Tom.
1087 2163 1122 2194 X.
1147 2171 1215 2202 pag.
1237 2167 1307 2201 εει.

240 2222 277 2270 2)
295 2225 333 2253 A.
345 2223 368 2251 Y
378 2230 396 2259 p
410 2229 423 2249 e
435 2230 453 2256 y
463 2241 472 2257 ,
484 2221 558 2256 sysz.
570 2220 687 2250 Handb.
698 2221 750 2248 der
761 2220 953 2249 Scheikunde
964 2240 974 2256 ,
985 2220 1075 2251 Tom.
1090 2221 1144 2257 LV.
1154 2229 1223 2259 pag.
1236 2226 1303 2258 ²76·
