1483 2860
221 232 270 272 14
456 220 1127 266 COMMENTATIO

215 331 475 390 auctoritatem
501 340 617 381 ort03
644 330 796 381 Religio
820 332 918 370 enim
953 332 1191 382 Christiana,
1222 323 1338 376 initio

215 403 330 453 hujus
362 403 530 452 periodi,
569 402 723 452 publica
762 403 984 442 auctoritate
1026 403 1204 442 omnibus
1233 414 1340 444 com-

216 474 485 522 mendabatur3
537 474 712 513 nimirum
759 473 907 522 imperii
948 473 1072 513 civilis
1108 473 1338 523 optimates,

217 556 335 593 quum
374 545 594 583 clericorum
638 543 899 593 progresfibus
931 544 1100 583 refistere
1140 554 1219 583 non
1248 554 1342 593 pos-

215 613 322 662 sent,
348 625 435 654 curn
471 614 528 653 his
560 613 632 653 sese
669 616 972 665 conjunxerunt,
999 623 1042 653 ut
1075 612 1145 653 fibi
1177 613 1340 653 invicem

217 695 326 733 opem
365 684 546 733 praestare
587 684 756 734 possent.
836 685 899 725 Ab
928 686 1003 724 hoc
1044 684 1131 724 inde
1168 691 1340 734 tempore

214 754 462 803 Hierarchia‚
499 755 697 795 latioribus
723 755 906 794 limitibus
935 754 1240 804 circumscripta,
1279 765 1342 793 or·

213 826 344 864 diuum
369 825 546 874 gradibus
562 853 576 873 ,
599 825 823 874 dignitatum
850 825 1021 875 ambitu,
1047 833 1086 864 et
1116 825 1339 867 clericorum

215 905 373 935 numero
397 895 437 935 in
458 895 537 935 dies
562 895 738 936 increvit.
1181 899 1183 901 ’

703 1005 743 1053 S.
802 1017 843 1053 4.

563 1112 728 1152 Aetas
773 1115 969 1155 tertia.

301 1221 558 1261 Hierarchiae
577 1222 717 1269 forma
742 1221 967 1271 oligarchico
981 1241 996 1251 ·
1008 1221 1264 1265 monarchlca.

241 1327 287 1369 A
306 1329 491 1382 Stephano
512 1328 583 1368 III
601 1328 656 1368 ad
673 1328 901 1380 Gregorium
916 1329 1009 1370 VII.
1033 1330 1163 1379 (754-
1178 1328 1316 1380 1073)

265 1443 395 1495 Hujus
433 1443 579 1494 periodi
603 1443 759 1482 historia
791 1443 915 1482 omnis
948 1444 1026 1482 fere
1057 1443 1096 1482 in
1121 1443 1345 1484 auctoritate

215 1514 412 1555 Pontificis
435 1514 624 1562 Romani,
646 1513 685 1552 in
701 1514 779 1552 dies
803 1514 913 1552 novis
930 1513 1101 1553 subsidiis
1116 1514 1347 1554 invalescem

216 1593 256 1625 te
271 1612 285 1633 ‚
310 1584 490 1624 versatur.
546 1584 782 1623 Hierarchiae
808 1584 906 1622 enim
943 1583 1093 1632 forma,
1121 1596 1217 1633 quae
1238 1593 1346 1628 antea

216 1654 446 1704 oligatjchica
473 1653 622 1702 fuerat,
662 1653 775 1693 fiebat
806 1654 1067 1701 monarchica,
1096 1655 1193 1704 Papa
1218 1653 1344 1693 saltem

215 1725 468 1776 principatum
483 1753 496 1773 ,
525 1737 635 1774 quern
656 1726 730 1774 jam
755 1723 820 1762 diu
841 1725 1097 1773 appetiverat,
1124 1732 1216 1762 tunc
1244 1735 1346 1774 mag-

217 1806 301 1843 nam
318 1805 458 1845 partem
484 1795 694 1834 obtinebat.
731 1795 922 1833 Nimirum
945 1793 1077 1832 divifio
1100 1793 1252 1843 Imperii
1266 1794 1348 1833 Ro·

218 1866 319 1910 mani
341 1865 382 1912 in
408 1865 599 1911 Orientale
621 1874 656 1902 et
688 1864 926 1903 Occidentale
952 1865 1111 1902 multum
1135 1865 1347 1905 contulerat

218 1936 266 1981 ad
282 1936 541 1981 auctoritatem
568 1934 764 1981 Pontificis
789 1935 934 1972 Romae
958 1934 1128 1983 degentis
1150 1946 1241 1983 prae
1261 1935 1344 1980 aliis

218 2007 541 2055 promovendam3
572 2006 611 2043 in
633 2005 836 2043 Occidente
870 2004 967 2042 enim
1007 2003 1108 2043 solus
1138 2004 1346 2054 imperabat

219 2076 437 2126 Episcopus
475 2075 701 2123 Romanus,
741 2075 781 2112 in
814 2074 970 2114 Oriente
1003 2083 1166 2123 quatuor
1193 2076 1345 2115 aderant

218 2146 432 2197 Episcopi,
460 2146 553 2194 qui,
578 2145 719 2184 mutuis
735 2145 867 2183 litibus
892 2145 1004 2184 nimis
1027 2143 1344 2194 occupati,sua1n

219 2217 385 2268 ipsorum
424 2217 680 2263 auctoritatem
715 2216 967 2265 negligebant.
1046 2216 1195 2255 Horum
1234 2224 1339 2263 tres,

223 2287 494 2328 Alexandrinus
516 2316 531 2336 ,
582 2287 843 2333 Antiochenus
892 2294 930 2325 et
978 2285 1342 2333 Hierosolomitanus

1259 2365 1343 2394 eva-

1474 1702 1483 1815 ...<·;-1>„
1475 1594 1483 1686 ’.ῃ-ψ...
1472 1422 1483 1574 unz-nm*
1479 1377 1483 1408 ...
1479 1339 1483 1346 Α
