1483 2860
295 273 370 313 106
513 271 1183 315 COMMENTATIO

286 381 394 422 fecit.
446 381 520 421 His
555 394 601 422 ex
638 382 893 432 Hispanorum
924 383 1114 432 navibus,
1152 381 1179 422 fi
1209 394 1283 432 qua
1314 395 1405 435 pos-

282 451 382 502 sent,
418 453 584 503 praedari
608 452 771 501 permisit
787 481 801 500 ,
828 452 962 492 Gallos
998 464 1118 501 vero,
1156 452 1399 503 Germanos,

283 525 459 573 Anglos,
486 523 617 562 Danos
635 550 650 570 ,
676 523 848 572 Succos,
875 523 990 563 nullis
1023 522 1278 563 incommodis
1313 524 1412 565 affici

277 593 389 644 iusfit
414 593 490 640 (1).

328 665 408 704 Res
439 674 540 704 certe
555 693 569 715 ,
606 664 728 704 fateor
743 692 758 713 ‚
784 664 948 714 primum
973 664 1105 715 exigua
1134 671 1236 714 erat,
1259 672 1399 703 temere

277 737 470 785 suscepta,
504 745 648 784 paucos
681 733 835 773 omnino
873 733 1021 774 fructus
1060 733 1260 784 pollicens.
1316 733 1400 772 Ne-

278 818 354 856 que
386 815 509 846 tamen
558 805 597 844 in
647 816 688 844 ea
725 803 987 844 Gulielmi
1022 803 1221 853 prudentia
1256 803 1398 842 defide-

276 885 393 916 ratur.
418 901 421 904 -
446 874 649 925 Expeditio
679 875 828 923 quidem
857 885 970 922 parva
990 883 1068 913 erat
1084 902 1098 923 ‚
1124 875 1294 923 adeoque
1317 883 1398 911 non

275 946 397 986 statim
443 945 489 985 ad
532 955 688 994 magnos
730 943 854 982 exitus
899 943 1036 981 ducere
1083 941 1195 991 posse
1247 930 1400 980 videba-

274 1025 365 1066 tur3
411 1015 473 1055 sed
511 1016 661 1055 eandem
706 1014 756 1052 ob
798 1011 942 1051 causam
988 1011 1034 1051 ab
1058 1012 1258 1054 Albano
1286 1010 1398 1050 nihili

272 1087 480 1128 habebatur
517 1086 633 1124 immo
676 1094 713 1124 et
752 1083 1046 1133 despiciebatur.
1099 1082 1219 1122 Parva
1247 1081 1397 1130 incepta

273 1158 320 1197 ad
335 1163 514 1207 ‘magnum
541 1155 652 1195 finem
679 1153 827 1204 saepius
844 1149 1003 1203 {tendere
1028 1152 1255 1202 experientia
1275 1151 1396 1190 abun-

270 1226 318 1265 de
353 1228 478 1266 docet.
529 1227 586 1265 Ita
614 1225 705 1263 haec
729 1224 945 1274 expeditio,
982 1223 1051 1262 ubi
1087 1221 1278 1272 paullatim
1305 1220 1398 1260 viri-

271 1297 344 1335 bus
379 1304 545 1335 ereverat
571 1294 727 1342 clasfis,
769 1302 805 1332 et
831 1293 1055 1332 Hollandiae
1086 1293 1199 1332 urbes
1230 1292 1396 1331 nonnul-

269 1369 326 1406 las
354 1367 464 1405 ‘mari
506 1365 648 1405 vicinas
688 1373 991 1413 expugnaverat,
1031 1374 1187 1412 magnos
1222 1362 1308 1401 sane
1339 1361 1395 1400 ef-

268 1439 392 1477 fectus
435 1436 572 1475 habere
609 1443 771 1484 poterat.
839 1434 1063 1473 Hollandiae
1099 1442 1136 1472 et
1174 1432 1394 1472 Zeelandiae

269 1507 432 1546 Ordines
458 1506 499 1544 in
534 1505 851 1545 Gulielmum
875 1503 1160 1553 propendebant
1181 1514 1390 1552 magnaque

266 1577 349 1626 spes
390 1584 495 1624 erat,
537 1586 602 1613 eos
639 1574 675 1613 se
717 1585 803 1612 cum
843 1585 889 1612 eo
916 1573 1118 1622 aliquando
1151 1573 1198 1612 ad
1237 1573 1338 1612 Alb
1352 1585 1391 1612 a·

265 1659 376 1687 num
411 1646 697 1694 expellendum,
736 1644 1006 1694 conjuncturos
1056 1643 1147 1683 esse.
1225 1643 1387 1683 Omnem

265 1718 451 1767 populum
493 1713 660 1753 effrenati
693 1714 839 1763 imperii
878 1714 984 1753 valde
1008 1713 1194 1753 taedebat.
1248 1713 1289 1754 Si
1315 1714 1386 1764 igi-

253 1791 327 1826 ‘tur
351 1786 554 1835 piratarum
582 1785 693 1823 armis
731 1785 968 1832 aliquatenus
995 1782 1149 1822 fortuna
1174 1794 1355 1824 annueret
1372 1814 1388 1834 ‚

264 1867 395 1895 omnes
439 1855 480 1893 in
517 1854 708 1892 meliorem
746 1846 848 1903 spem
889 1853 1068 1903 adducti,
1101 1865 1201 1894 arma
1234 1854 1385 1896 fortiter

263 1937 393 1965 contra
428 1923 687 1963 Albanum
719 1931 921 1962 verterent.

312 1995 468 2044 Saepius
484 1992 687 2043 quaefitum
708 2001 766 2031 est
781 2021 795 2041 ,
811 2005 888 2041 quo
909 1993 1055 2032 tandem
1079 1993 1162 2043 J'ure
1192 1993 1386 2035 Guliel-

261 2076 364 2103 mus
381 2062 468 2103 usus
495 2061 568 2111 fit,
594 2072 680 2100 cum
693 2062 842 2102 classem
855 2061 1048 2102 instrueret
1068 2062 1306 2113 ducibusque
1324 2064 1382 2104 di-

1297 2137 1384 2184 plo-

297 2229 351 2265 (ι)
372 2227 446 2258 Vid.
472 2229 567 2264 Bor,
600 2228 657 2264 Op.
682 2228 706 2256 1.
731 2228 802 2257 Lib.
822 2229 860 2258 V.
879 2228 936 2258 fol.
953 2233 1022 2264 508·
1040 2243 1078 2252 -
1100 2229 1249 2266 Hooft,
1271 2230 1375 2266 op.1.

259 2294 328 2322 pag.
355 2287 412 2314 208
437 2285 483 2320 sq.
514 2297 552 2305 —
578 2285 661 2314 Van
682 2285 889 2322 Meteren,
918 2286 979 2324 Op.
999 2287 1021 2316 1.
1044 2291 1196 2323 pag.528.
1217 2300 1255 2309 —
1275 2289 1377 2322 wag.

258 2344 318 2380 Op.
337 2345 359 2374 Ι.
380 2343 434 2372 VI.
455 2349 504 2379 pg.
532 2344 602 2378 308.

1471 2023 1483 2115 ι-ᾅᾼᾈ
