1524 2850
353 247 955 292 THEOLOGICA.
1176 241 1221 288 n

107 357 202 412 quin
248 359 289 400 et
331 359 480 411 sanguis
522 366 727 410 martyrum
766 358 890 398 semen
929 343 1117 397 Eecieiiae
1164 357 1231 396 fle·

109 433 174 472 bat
199 432 285 482 (1).
326 432 370 471 In
396 431 528 472 mediis
555 431 606 470 ita
633 430 863 470 cruciatibus
900 430 960 469 vis
994 429 1115 478 patuit
1144 439 1234 479 pro-

108 504 209 543 misfi
219 504 332 553 Jesu=
360 502 505 550 Adsum
527 502 626 542 ‘vobis
651 515 764 552 usquc
787 500 842 540 ad
862 499 992 539 mundi
1006 498 1120 548 finem
1143 498 1228 548 (2).

154 574 305 615 Aetatis
338 574 456 624 igitur
488 575 603 624 hujus
641 573 787 612 indoles
819 571 914 610 mira
939 569 1172 619 simplicitate
1196 577 1235 607 et

104 643 258 684 heroica
281 643 513 692 constantia,
538 643 660 693 primo
686 643 845 681 maxime
871 640 1040 689 saeculo,
1067 640 1102 679 se
1130 650 1237 678 com-

107 699 324 764 mendabit,
363 718 425 764 et,
460 715 529 753 nifi
564 715 601 752 in
629 714 836 761 omnibus,
877 713 916 751 in
953 705 1236 762 gubernationis

105 785 231 825 saltem
259 777 402 824 ratione
423 797 534 824 aurea
559 785 623 823 illa
652 784 957 824 Christianorum
983 790 1107 839 aetas,
1133 771 1236 819 haud

107 855 195 895 satis
231 865 339 896 caute
364 856 539 895 laudibus
566 855 613 894 ab
648 855 730 894 aliis
761 855 970 901 cumulata,
1021 849 1134 891 nobis
1168 844 1241 889 mi-

109 927 221 966 randa
251 935 322 967 est.
351 928 451 967 Cum
481 927 571 966 haec
598 926 777 975 periodus
805 924 923 974 ipfius
953 922 1107 963 Christi
1130 921 1242 960 aetati

113 996 287 1044 proxima
324 997 448 1044 esset,
489 996 541 1034 ita
574 996 765 1034 doctrinae
807 996 917 1045 ejus,
958 994 1082 1032 minus
1121 989 1244 1030 adhuc'

110 1064 289 1105 institutis
330 1066 504 1106 humanis
532 1066 784 1115 commixtae,
812 1065 972 1105 maxime
997 1063 1188 1113 congruit.

607 1178 643 1230 5·-
700 1187 737 1225 3·

432 1273 606 1313 Aetas
651 1272 917 1321 secunda.

169 1354 446 1414 ''Hieran-hiae
458 1357 596 1407 forma
621 1359 885 1396 aristocratico
897 1379 913 1387 -
925 1355 1172 1408 oligarchica.

143 1443 190 1505 A
207 1459 360 1498 concilio
373 1459 546 1498 Nicaeno
571 1458 626 1498 ad
638 1458 867 1510 Stephanum
881 1458 961 1500 HI.
980 1460 1078 1508 (325
1092 1479 1108 1489 -
1124 1458 1222 1508 754)

170 1553 410 1592 Hierarchiae
445 1554 615 1592 conditio
659 1566 679 1592 e
714 1554 977 1593 Conciliorum
1012 1553 1138 1593 forma
1181 1542 1251 1604 opss

117 1624 209 1663 time
233 1623 473 1674 dijudicatur.
526 1625 648 1663 Erant
677 1625 774 1662 enim
811 1617 873 1663 sna
905 1627 1075 1666 κοινωνίαι
1106 1636 1250 1676 novae,

1162 1694 1250 1743 qui-

153 1770 212 1809 (ι)
231 1771 302 1800 Hoc
328 1770 582 1801 Tertulliani
609 1770 725 1799 dictum
759 1772 915 1806 eleganter
945 1770 1165 1807 ingenioseque
1198 1772 1254 1801 ex'-

122 1829 228 1864 pressit
247 1828 275 1858 Η
286 1836 438 1864 uygens
450 1828 461 1857 i
472 1837 513 1858 us
530 1835 657 1864 noster,
676 1827 729 1864 qui
745 1828 976 1864 persecutiones
988 1827 1147 1864 religionis
1166 1825 1257 1859 caus(

122 1886 310 1924 detestatur,
329 1886 453 1916 dicens:

432 1965 460 1981 „
482 1944 505 1973 ’t
525 1945 597 1973 Was
618 1942 834 1979 misverstand,

434 2021 459 2038 „
479 2001 520 2030 Al
541 2002 590 2030 dat
610 1986 761 2036 gebrand}

433 2078 457 2095 „
478 2059 535 2087 Om
555 2065 658 2088 trouw
679 2065 717 2086 en
738 2056 910 2086 waarheid:

433 2135 458 2152 ‚‚
478 2115 537 2144 Die
559 2116 626 2144 flam
646 2115 699 2151 gaf
715 2113 894 2149 klaerheid3

441 2193 464 2209 „
485 2173 576 2201 Want
597 2174 656 2202 een
677 2179 707 2201 te
728 2172 815 2208 vicr,

442 2250 466 2268 „
486 2230 614 2260 onstack
634 2237 668 2261 ec
685 2227 803 2260 vier.”

170 2327 226 2366 (α)
246 2325 353 2357 Matth-
375 2323 518 2355 xxvm:
539 2333 590 2356 20.
778 2285 829 2322 ¹3·
852 2284 889 2317 Β·
912 2282 1010 2316 suem,
1034 2283 1095 2326 NJ.
1119 2286 1171 2324 ⁶7,
