1483 2860
336 269 852 313 LITERARIA.
1087 280 1159 318 173

42 383 156 433 pitem
191 381 379 420 fortunam
418 380 592 430 experiri.
646 380 718 418 Hic
743 390 829 417 vero
856 376 985 416 callide
1020 376 1068 416 iis
1105 387 1162 414 re·

43 451 215 500 spondit:
245 451 281 489 se
316 451 464 490 minime
491 461 630 489 novum
671 450 806 487 bellum
847 447 1000 493 moliri,
1024 446 1085 485 sed
1105 458 1162 484 ar·

44 532 125 559 cem
158 521 364 568 Namurcae
394 530 537 559 tantum
566 519 707 568 cepisse
725 549 738 567 ‚
774 529 816 557 ut
853 517 888 556 se
910 526 1037 556 contra
1068 527 1164 554 non-

49 592 239 629 nullorum
276 590 421 628 infidias
449 589 546 628 tueri
581 589 721 638 posset.
775 590 902 628 Pacem
944 587 1169 627 Gandaven·

48 659 121 698 sem
163 659 199 698 se
229 658 456 699 servaturum
489 659 690 708 promisit,
724 658 751 696 fi
783 658 941 696 Ordines
976 657 1170 694 Romano-

51 728 284 769 Catholicam
325 729 539 779 religionem
580 728 752 777 regisque
782 727 1035 766 auctoritatem
1074 725 1169 763 inte-

50 810 133 846 gras
160 796 300 837 servare
324 800 421 837 haud
453 807 641 846 negarent.
696 798 825 849 Quum
847 809 936 835 vero
966 795 1169 836 Guliel-

54 879 151 905 mus
186 868 420 917 Ordinesque
465 867 685 906 Hollandiae
715 878 751 906 et
784 867 1002 906 Zeelandiae
1040 878 1169 916 pacem

55 936 332 975 Gandavensem
378 938 526 985 exsequi
547 938 647 975 nolle
682 938 924 983 viderentur,
952 936 1054 975 omni
1080 948 1169 976 cum

51 1006 98 1044 iis
137 1006 331 1054 amicitia,
372 1007 577 1046 Ordinibus
617 1007 867 1046 Generalibus
902 1005 1091 1044 interdixit
1123 1004 1172 1044 fi·

55 1076 208 1124 mulque
253 1088 398 1124 operam
440 1075 537 1115 suam
570 1079 614 1116 ad
649 1077 820 1125 Belgium
858 1077 1064 1126 pacandum
1099 1076 1174 1114 Or-

55 1145 261 1194 diuumque
296 1146 532 1184 Generalium
573 1147 829 1185 auctoritatem
882 1146 1172 1185 confirmandam

52 1215 221 1254 conferre
255 1216 447 1264 pollicitus
478 1225 534 1254 est
564 1217 646 1265 (ι).

105 1284 205 1323 Haec
236 1293 335 1322 erant
377 1285 649 1324 Austriaci
683 1286 851 1324 consilia.
899 1286 1062 1335 Belgas,
1104 1287 1171 1334 qui

53 1365 196 1404 nuper,
247 1365 376 1403 magna
407 1363 541 1404 parte,
592 1356 748 1394 arctiore
787 1356 940 1394 vinculo
979 1356 1172 1405 conjuncti

55 1433 184 1472 erant,
222 1423 289 1464 fibi
330 1425 487 1464 invicem
525 1425 653 1464 hostes
699 1427 848 1465 reddere
889 1434 1001 1474 atque
1040 1434 1169 1463 contra

58 1494 370 1534 Gulielmum
418 1495 558 1533 beilum
607 1507 734 1544 gerere
772 1496 1008 1533 vehementer
1046 1494 1173 1543 cupie-

59 1564 138 1602 bat.
193 1565 296 1602 Hanc
344 1564 394 1602 ob
429 1576 505 1602 rem
541 1564 867 1603 Gulielmum
904 1563 1015 1602 variis
1051 1561 1172 1601 modis

58 1633 242 1673 accusavit
280 1636 435 1684 ejusque
467 1634 574 1672 fidem
604 1633 811 1672 Ordinibus
845 1633 1044 1681 suspectam
1074 1631 1176 1669 face-

58 1715 97 1742 re
123 1703 350 1753 summopere
388 1704 540 1743 studuit.
596 1704 737 1742 Verum
778 1703 927 1752 quidem
961 1710 1043 1749 est,
1077 1701 1174 1740 Gu-

53 1774 274 1813 lielmum
301 1785 425 1822 pacem
451 1773 728 1812 Gandavensem
754 1784 829 1811 non
858 1773 897 1811 in
920 1771 1096 1812 omnibus
1118 1779 1173 1810 te-

58 1844 210 1892 nuisse,
238 1844 297 1882 sed
324 1843 399 1892 ipse
427 1855 582 1892 quoque
616 1842 942 1882 Austriacus
975 1853 1051 1880 eam
1093 1851 1171 1879 non

57 1916 217 1954 tenebat.
247 1915 414 1952 Guliel
429 1925 532 1952 mus
558 1913 698 1962 ingenti
711 1912 839 1950 labore
862 1921 897 1951 et
920 1911 1060 1950 virtute
1073 1912 1170 1950 Hol-

59 1984 213 2024 landiam
256 1994 291 2022 et
335 1983 577 2022 Zeelandiam
625 1991 754 2022 contra
800 1982 966 2021 hostium
1008 1981 1171 2030 impetus

59 2053 286 2093 defenderat.
340 2054 418 2094 Ubi
452 2053 566 2104 igitur
607 2052 949 2100 Austriacum
1001 2053 1169 2091 occultas

1117 2123 1175 2161 in·

92 2233 146 2270 (1)
166 2234 238 2262 Vid.
260 2235 313 2263 De
337 2232 498 2269 Tassis,
522 2235 582 2269 Op.
602 2235 622 2263 1.
639 2241 705 2269 pag.
727 2235 795 2264 266.
814 2249 852 2256 —
873 2230 1166 2272 Bentivoglio‚

58 2288 116 2322 Op.
137 2288 156 2315 1.
176 2296 242 2323 pag.
264 2293 330 2318 268.
349 2289 381 2323 sq
412 2301 450 2309 —-
469 2289 521 2316 Bo
538 2296 563 2322 r,
595 2288 652 2322 Op.
674 2289 695 2318 1.
716 2286 802 2317 Libr.
826 2288 860 2317 X.
879 2288 936 2317 fol.
967 2295 1034 2323 2⁵⁵·
1063 2286 1108 2322 sq.
1126 2300 1163 2309 -

56 2346 203 2380 uoorz.
225 2345 325 2379 Op.1.
347 2351 484 2380 pag.sxs
500 2351 531 2373 et
559 2346 625 2377 528.
