1524 2850
309 279 360 328 96
645 279 971 317 Annon-,su
1026 288 1090 315 An

303 385 372 425 der
382 386 692 438 philosophischen
712 385 1024 435 lVissenschaften
1038 412 1050 432 ,
1079 383 1258 434 (Gott.a.
1277 382 1412 430 1824.)

301 467 389 506 pag.
420 458 520 506 269;
549 456 611 494 ubi
637 456 724 494 haec
751 456 929 494 dicentem
959 465 1039 492 eum
1057 454 1250 492 audimus:
1279 477 1311 500 ,‚
1332 452 1409 489 Die

299 553 333 575 ‚,
358 525 535 573 Absicht‚
549 527 670 574 inquit
683 554 696 573 ‚
719 525 787 564 der
808 524 1059 564 scholastische
1079 523 1303 572 Philosophia
1327 533 1407 559 war

301 623 333 644 „
359 595 459 635 blosz
471 595 626 645 darauf
634 596 817 645 gerichtet
829 623 841 642 ‚
854 593 992 642 dicfzir
1003 593 1107 632 wahr
1124 591 1203 644 {md
1211 591 1408 637 unfehlbar

301 691 334 713 ‚‚
356 665 572 716 gehaltenen
589 665 738 702 Lehren
763 663 832 702 der
855 664 994 702 Kirche
1020 663 1140 702 durch
1164 661 1314 700 Beweiso
1337 673 1406 699 aus

300 763 333 784 ‚‚
358 735 569 773 natzirliche
588 734 856 772 Erkentnissen
881 732 1164 772 unumstffszlich
1179 744 1230 770 zu
1256 730 1407 768 machon

300 832 334 854 „
361 804 561 855 undgegen
578 805 651 842 alle
663 805 899 854 Bestreitung
921 803 1039 842 durch
1055 801 1114 840 die
1135 800 1277 839 Ketzer
1287 800 1407 838 sicher

303 901 336 923 ,‚
364 887 417 913 zu
440 875 582 914 stellen.
597 875 622 892 ”
674 875 757 912 Hoc
783 885 859 913 non
891 877 971 912 sine
994 872 1206 920 exceptione
1228 870 1409 918 accipien-

300 945 390 981 dum
414 954 518 990 esse,
544 943 632 982 satis
658 943 788 989 docet,
815 953 862 980 ne
891 941 959 979 alia
996 940 1172 985 excitem,
1199 938 1404 985 exemplum

304 1011 526 1051 Thomae
549 1010 851 1060 Aquinatis.
902 1010 974 1048 Hic
996 1010 1091 1048 enim
1111 1019 1220 1056 quam
1246 1007 1411 1057 ingenio·

301 1093 343 1122 se
363 1082 613 1121 Hierarchiae
641 1081 798 1120 vinculis
832 1092 872 1119 se
900 1081 1048 1118 liberare
1075 1086 1291 1122 conaretur,
1318 1088 1405 1126 pru·

301 1155 430 1192 denter
448 1163 566 1192 tamen
591 1152 817 1190 dissimulata
843 1151 910 1189 hfic
939 1152 1064 1198 lucta,
1091 1151 1314 1192 demonstrat
1337 1158 1375 1185 ea
1390 1169 1404 1191 0

304 1235 413 1272 quam
440 1224 576 1271 edidit,
615 1222 768 1260 Summa
798 1220 1035 1270 Theologiae;
1088 1219 1194 1268 cujus
1222 1217 1408 1266 prioribus

304 1293 447 1332 duabus
481 1292 673 1341 partibus,
700 1292 787 1329 dum
820 1290 901 1328 fidei
935 1287 1139 1328 doctrinam
1163 1287 1342 1326 illustrate
1364 1297 1404 1324 ac

303 1362 451 1402 Patrum
473 1361 689 1400 auctoritate
712 1360 925 1399 confirmare
946 1358 1059 1397 videri
1084 1359 1187 1405 vult,
1213 1368 1333 1395 revera
1358 1366 1411 1394 ta·

305 1443 389 1472 men
422 1434 466 1470 de
497 1433 606 1470 rebus
637 1430 783 1470 Divinis
809 1430 1107 1478 philosophatur.
1145 1448 1200 1456 —
1237 1426 1406 1473 Aequius

305 1513 342 1541 et
366 1502 489 1541 verius
512 1502 679 1541 universe
702 1502 746 1539 de
775 1499 1085 1539 Scholasticorum
1121 1494 1328 1544 Theologia
1350 1496 1409 1545 J‘u·

307 1574 451 1612 dicasse
461 1573 547 1610 mihi
563 1571 706 1609 videtur
719 1571 751 1609 E
767 1571 789 1608 b
802 1581 820 1607 e
835 1582 851 1608 r
863 1581 880 1607 s
893 1580 906 1608 t
920 1581 937 1610 e
950 1570 961 1607 i
974 1569 1083 1607 nius
1095 1595 1108 1615 ‚
1122 1568 1149 1605 l.
1164 1579 1197 1605 c.
1215 1578 1257 1615 p.
1272 1568 1406 1615 1—38.

359 1710 457 1760 Pag.
489 1720 548 1758 37.
584 1708 677 1757 (30)
713 1707 779 1746 Cf.
819 1708 1098 1755 Bergerus,
1133 1706 1158 1743 ὶ.
1187 1716 1223 1744 c.
1260 1716 1300 1753 p.
1338 1715 1410 1752 310

309 1792 400 1828 sqq.
436 1799 489 1810 --
526 1779 625 1817 Haec
665 1779 708 1816 de
739 1778 763 1816 S
781 1778 970 1826 pinoza
998 1777 1094 1813 dicta
1123 1775 1159 1812 in
1200 1775 1409 1812 memoriam

311 1849 400 1889 mihi
433 1857 603 1888 revocant
634 1849 660 1887 P
675 1857 721 1886 et
736 1860 786 1886 ru
801 1861 832 1885 m
870 1848 924 1886 Ba
939 1848 1020 1894 yle
1035 1875 1048 1892 ‚
1087 1845 1299 1883 acerrimum
1335 1843 1418 1891 qui-

311 1922 391 1959 dem
426 1920 523 1958 illius
557 1919 829 1965 adversarium,
881 1919 944 1955 sed
980 1917 1088 1967 cujus
1130 1915 1265 1963 scripta
1301 1913 1409 1960 fidei,

311 1987 563 2031 Providentiae
586 1989 739 2026 Divinae
763 1988 904 2025 habitae
919 2015 933 2033 ‚
959 1997 1035 2024 non
1072 1985 1194 2024 minus
1218 1995 1326 2033 grave
1350 1994 1412 2031 pe-

312 2059 468 2098 riculum
505 2057 745 2095 intentarunt.
808 2056 907 2094 Cum
940 2055 1035 2094 enim
1071 2055 1133 2092 ille
1164 2066 1248 2092 cum
1285 2052 1411 2100 fatali,

315 2139 423 2176 quam
459 2127 738 2176 propugnabat,
766 2137 882 2164 rerum
914 2126 1173 2163 mundanarum
1200 2123 1416 2162 necessitate

315 2199 415 2238 nulla
440 2198 549 2236 libera
566 2196 635 2236 Dei
659 2197 808 2235 consilia
829 2207 868 2233 ac
892 2196 1080 2244 proposita
1105 2196 1306 2233 consistere
1328 2205 1415 2241 pos·

316 2279 356 2309 se
382 2267 658 2314 contendisset3
687 2266 818 2314 hujus,
840 2277 882 2304 ex
918 2267 1011 2304 maio
1038 2265 1196 2314 physico
1223 2277 1263 2303 ac
1289 2263 1416 2302 morali

318 2339 448 2378 ductae
464 2365 477 2387 ‚
504 2336 735 2388 obJectiones
771 2336 989 2375 Divinorum
1016 2335 1254 2374 consiliorum
1280 2333 1423 2383 sapien-

1338 2409 1424 2440 tiam
