1560 2860
479 262 863 317 ORATlo.
1172 260 1221 302 ¹3

131 417 242 463 tulos
268 410 526 462 referebant,
556 407 630 451 ubi
663 407 745 451 suis
782 419 877 450 cum
916 397 1128 459 discipulis
1161 411 1236 441 re·-

136 487 351 553 quiescere
376 489 466 548 ipse
494 485 654 530 solebat
684 497 733 527 ac
761 478 971 526 delectari.
1001 499 1054 508 -
1097 471 1234 532 Quid,

122 569 248 628 quod
287 567 342 612 ad
395 563 639 623 Sapientum
689 560 741 604 de
775 558 911 607 ,rebus
951 551 1112 598 Divinis
1158 549 1238 593 de·-

132 654 246 691 creta
273 640 500 703 parienda,
545 645 615 682 aut
649 636 706 681 ad
739 648 884 679 eorum
917 637 1029 675 certe
1060 628 1237 671 sormam

134 720 438 773 definiendam,
491 703 574 761 vim
618 712 859 771 quampiam
902 708 1060 752 habere
1109 703 1240 747 soleat

136 798 344 859 gentium,
358 794 431 839 ubi
447 792 647 838 exsistunt
659 790 775 849 ipsa,
803 784 1052 831 discrimen!
1075 781 1172 838 Qua
1189 778 1245 822 de

136 891 184 920 re
239 874 275 919 si
323 870 549 922 dubitatis,
605 863 849 911 Cartesii
903 858 1241 921 perspicuitatem

141 966 236 997 cum
265 938 465 993 Kantii
499 943 724 988 subtilitate
749 936 1000 998 comparetis
1015 934 1245 989 velim3aut

142 1028 332 1074 universe
368 1025 771 1068 Germanorum
805 1017 1045 1065 abstrusas,
1084 1010 1129 1053 in
1161 1009 1244 1052 hoc

145 1117 296 1164 genere
312 1134 324 1155 ,
365 1097 666 1157 disputationes
706 1109 800 1138 cum
858 1088 1112 1148 elegantibus
1167 1084 1246 1128 illis

143 1178 311 1238 scriptis
355 1172 643 1225 contendatis,
686 1170 836 1227 quibus
880 1168 990 1210 idem
1022 1176 1247 1221 argumen-

139 1265 231 1302 tum
255 1252 462 1313 complexi
483 1257 605 1300 sunt,
638 1254 733 1300 aut,
766 1246 801 1290 si
833 1245 940 1288 forte
964 1239 1142 1293 malitis,
1173 1251 1247 1282 ex—

145 1334 376 1379 hilararunt
405 1322 788 1384 Francogalli.

204 1487 291 1532 Sed
324 1483 510 1530 nondum
550 1481 603 1526 dc
642 1493 749 1523 nexu
785 1475 985 1528 diximus,
1016 1486 1100 1530 quo
1129 1470 1254 1531 prio-

147 1578 242 1608 rum
284 1562 335 1606 de
375 1560 500 1604 rebus
546 1556 707 1601 Divinis
755 1551 1119 1612 philosophemata
1156 1561 1252 1590 cum

148 1639 430 1700 posteriorum
480 1635 532 1679 de
578 1632 725 1677 eodem
776 1634 1023 1686 argumento
1075 1622 1253 1668 decretis

148 1717 510 1774 conjungerentur.
569 1711 695 1767 Quae.
722 1705 1019 1761 sententiarum
1044 1699 1254 1760 copulatio

151 1808 203 1838 ac
235 1781 474 1837 consecutio
510 1785 846 1832 observationem
884 1781 1036 1834 habet,
1066 1793 1160 1823 cum
1186 1777 1257 1836 ju-

150 1868 471 1920 cundissimam,
501 1873 590 1909 tum
621 1863 676 1907 ad
707 1861 888 1905 latebras
917 1855 1254 1916 cognoscendas,

151 1958 445 2002 recessusque,
467 1942 538 2000 qui
558 1942 602 1984 in
626 1938 841 1983 hominum
867 1934 1013 1981 animis
1035 1931 1260 1990 inveniun-

150 2031 244 2078 tur,
264 2020 537 2067 utilissimam.
577 2017 675 2061 Jam
700 2015 850 2074 igitur,
875 2010 1088 2070 quomodo
1114 2009 1192 2053 alia
1208 2022 1257 2052 ex

152 2100 242 2145 aliis
276 2098 432 2159 placita
467 2094 689 2147 fluxerint,
719 2099 758 2136 et
794 2106 839 2136 se
869 2088 1047 2134 invicem
1076 2099 1258 2145 excepe-

156 2176 263 2230 rint,
294 2182 364 2219 aut
385 2173 590 2233 ¹universe
626 2176 766 2214 secuta
802 2168 906 2220 sint,
938 2165 1084 2225 paucis
1111 2163 1258 2208 videa-

156 2266 263 2296 mus·
334 2251 424 2297 Ubi
460 2264 546 2294 non
580 2248 664 2292 hoc
696 2244 959 2306 potissimum‘
995 2241 1098 2286 mihi
1135 2240 1230 2284 volo
1247 2271 1259 2292 ‚

163 2327 276 2385 quod
308 2328 634 2385 Praeceptor-um
663 2320 1027 2382 philosophemata
1070 2313 1260 2376 discipuli

1203 2390 1260 2433 il-
