1483 2860
279 194 330 235 1'6
520 186 1177 234 COMMENTATIO

273 310 365 344 vero
399 303 566 354 religiose
592 295 791 353 pactorum
825 302 935 341 fidem
959 300 1097 340 habent
1121 299 1249 347 cives,
1275 298 1388 347 legis-

273 374 370 412 lator
410 384 489 412 non
532 373 580 412 iis
609 373 749 421 indiget
784 371 970 410 remediis.
1034 370 1137 409 Haec
1169 371 1244 421 iam
1285 368 1387 418 apud

273 443 516 484 Germanicae
552 442 708 491 originis
749 450 876 490 gentes
918 440 1024 479 causa
1054 438 1169 478 fuisse
1207 439 1388 488 videtur,

273 524 390 562 quare
417 512 619 551 conventio
651 511 745 550 serio
781 511 874 549 inita
905 512 1050 559 plenam
1087 509 1276 558 obligandi
1307 509 1387 548 vim

275 583 454 630 haberet,
480 582 572 620 adeo
599 591 642 620 ut
663 581 709 619 de
744 575 946 620 ver‘borum
979 579 1099 618 forma
1129 586 1195 617 aut
1228 578 1390 618 solenni·

274 661 350 692 tate
377 652 476 690 haud
498 656 747 699 quaereretur.
783 650 919 700 Populi
942 650 1040 688 enim
1069 649 1122 687 illi
1146 649 1256 687 fidem
1281 647 1391 686 semel

274 721 395 759 datam
433 719 608 757 omnibus
643 719 958 768 antehabuerunt‚
1005 719 1112 768 cujus
1142 717 1196 756 rei
1234 718 1310 767 jam
1341 716 1389 754 ab

276 790 535 839 antiquissimo
564 791 648 829 inde
676 799 844 840 tempore
880 790 1046 838 exempla
1077 786 1289 838 praebuisse
1317 795 1394 825 tes-

276 860 328 899 tis
366 860 477 899 nobis
504 869 560 899 est
581 861 739 899 Tacitus
768 861 851 909 (1).
903 861 985 899 Nec
1020 859 1144 897 minus
1179 866 1281 896 certe
1311 856 1393 895 lau-

276 931 386 971 dandi
412 931 513 968 illius
551 930 734 979 propositi
765 929 979 968 testimonia
1010 929 1048 967 in
1087 928 1269 967 variarum
1304 937 1395 976 gen-

275 1000 371 1039 tium
402 999 549 1049 legibus
578 1008 804 1048 occurrunt,
831 1000 931 1038 unde
953 999 991 1037 in
1015 999 1099 1048 J‘ure
1137 997 1396 1037 Allemannico

275 1070 506 1120 paroemium
543 1070 704 1120 legitur:
741 1069 928 1118 quidquid
963 1068 1098 1117 aliquis
1125 1067 1322 1118 promifit‚
1349 1068 1396 1106 il-

277 1140 347 1180 lud
380 1140 565 1189 servabit3
603 1141 694 1180 Was
717 1139 787 1179 der
826 1152 941 1177 mann
966 1139 1132 1188 gemet,
1165 1137 1234 1177 das
1258 1137 1320 1186 Jbl
1351 1150 1396 1176 er

269 1210 344 1260 stet
365 1210 523 1258 hulten,
550 1218 588 1248 et
611 1210 650 1248 in
689 1209 838 1258 speculo
864 1209 1049 1248 Saxonico
1083 1209 1180 1249 inter
1211 1209 1282 1248 alia
1303 1208 1393 1247 haec

277 1279 550 1329 inveniuntur3
579 1280 763 1328 quidquid
787 1279 931 1327 egerit,
957 1280 1051 1318 illud
1081 1279 1295 1328 eustodiet3
1323 1291 1398 1319 was

279 1360 325 1387 er
349 1350 462 1397 that,
495 1348 563 1388 das
576 1350 645 1396 sal
661 1362 704 1387 er
718 1350 808 1399 stete
833 1349 972 1388 halden
995 1350 1080 1399 (2).
1133 1349 1274 1389 Eadem
1305 1349 1396 1388 haec

278 1418 462 1468 principia
491 1418 669 1467 antiquae
704 1418 1075 1467 Vifi-Gothorum,
1102 1420 1325 1470 Bajuvarum
1358 1428 1398 1458 et

277 1487 620 1538 Longobardorum
658 1490 757 1539 leges
785 1490 1084 1538 confirmarunt,
1110 1501 1228 1538 aeque
1264 1501 1306 1527 ac
1337 1500 1399 1529 ca-

279 1559 454 1608 pitularia
474 1570 601 1607 regum
619 1559 846 1598 Francorum
860 1559 944 1608 (3).
970 1560 1062 1598 Mos
1083 1571 1172 1598 vero
1195 1571 1262 1609 per
1285 1570 1398 1608 quem

280 1639 360 1668 non
402 1628 470 1668 nisi
503 1629 624 1676 illud,
671 1629 775 1677 quod
809 1628 848 1667 in
880 1628 1023 1679 judicio
1067 1637 1143 1668 erat
1180 1637 1398 1679 peractum,
1464 1675 1466 1677 ‚

279 1697 433 1748 probari
460 1707 633 1747 poterat,
672 1699 763 1737 adeo
791 1706 834 1737 ut
874 1710 959 1737 reus
979 1699 1220 1749 jurejurando
1258 1698 1330 1738 sese
1355 1700 1402 1739 li·

280 1767 410 1806 berare
434 1767 562 1815 posset
598 1767 745 1805 actione
770 1778 792 1806 e
818 1768 970 1816 negotio
1000 1777 1101 1807 extra
1115 1767 1295 1817 iudicium
1319 1780 1404 1818 ges·

282 1844 351 1883 to,
378 1835 501 1875 effecit
530 1844 573 1874 ut
598 1847 675 1874 non
701 1836 823 1875 omnis
850 1846 1065 1877 contractus
1103 1837 1310 1878 inconsulte
1332 1839 1406 1880 ini·

283 1913 348 1944 tus
375 1907 519 1954 plenam
542 1906 619 1944 vim
649 1906 823 1954 haberet,
861 1907 1039 1955 quoniam
1074 1920 1165 1947 vero
1199 1910 1404 1960 cujuscun-

286 1985 362 2024 que
394 1975 657 2014 conventionis
687 1975 863 2025 probatio
883 1976 1038 2016 admissa
1063 1986 1164 2027 erat,
1190 1987 1229 2018 et
1251 1979 1401 2029 quidem

1293 2048 1400 2091 etiam'

320 2164 376 2202 (ι)
397 2168 476 2197 Ann.
498 2169 520 2198 1.
542 2178 587 2204 13.
611 2177 639 2198 c.
661 2178 708 2206 ⁵4·
728 2177 758 2198 et
777 2170 814 2198 de
842 2170 982 2199 Moribus
1002 2171 1109 2200 Germ.
1130 2178 1158 2200 c.
1180 2178 1228 2206 αι.

324 2222 385 2264 (α)
405 2225 475 2255 vid.
495 2226 834 2263 wachtendorff,
854 2228 892 2256 de
910 2227 1006 2263 pactis
1025 2227 1135 2264 nudis,
1158 2230 1227 2262 565·

325 2282 382 2320 (3)
402 2282 452 2311 ef.
476 2282 703 2317 Gliick,1.1.
727 2292 749 2314 t.
766 2295 796 2321 4.
812 2292 892 2321 part.
917 2285 1079 2321 1.§:312.
