1483 2860
252 280 299 319 32
475 268 1140 312 COMMENTATM)

302 405 334 426 ,‚
356 377 436 427 Jam
468 387 616 426 tempus
644 380 945 428 appropinquat,
972 391 1050 428 quo
1077 379 1253 427 pecuniae
1277 379 1362 419 sub-

252 475 284 497 „
309 447 438 486 fidium
454 476 468 495 ‚
495 449 534 486 in
557 459 692 487 novem
717 460 835 487 annos
862 462 885 488 a
907 450 1117 490 Provinciis
1150 449 1248 498 Regi
1272 461 1365 488 con-

251 543 283 563 „
309 516 450 554 cessum
477 517 522 555 ab
549 517 661 555 finem
693 518 878 566 pervenit.
930 519 1229 567 Nullaamplius
1254 526 1381 557 erunt

250 612 283 634 ⁵³
309 584 465 624 subfidia
479 615 492 633 ‚
509 587 648 634 quibus
669 587 829 625 militum
849 586 1027 636 stipendia
1049 588 1238 627 solvantur
1251 597 1365 637 atque

248 682 282 703 ‚,
307 668 388 695 aere
427 657 548 695 alieno
591 658 771 696 liberetur
803 657 1029 707 respublica.
1095 659 1212 707 Regis
1246 657 1366 697 domi-

248 752 282 774 „
308 726 368 765 nia
391 726 479 764 huic
503 727 598 765 malo
625 727 836 767 succurrere
863 736 942 766 non
971 730 1109 768 valent.
1162 728 1275 767 Unde
1292 728 1383 778 igi-.

248 822 281 844 ,‚
307 805 371 835 tur
413 796 607 845 pecuniam
651 798 858 846 exspectare
894 798 1009 846 licet,
1046 799 1125 855 'nifi
1168 797 1245 848 ipse
1280 798 1365 837 Rex

247 893 281 913 „
307 867 450 914 aliquid
489 872 725 906 nummorum
761 879 807 906 ex
840 867 1022 916 Hispania
1062 867 1175 906 nobis
1215 867 1365 906 mittat‘.²

249 962 281 984 ,‚
308 935 434 986 Quare
459 945 632 976 nostrum
667 936 743 976 esse
775 936 932 985 censeo,
966 937 1192 987 reipublicae
1228 936 1367 987 saluti,

249 1032 282 1053 ‚‚
310 1014 495 1054 quatenus
524 1007 731 1057 possimus,
771 1008 1003 1057 prospicere.
1066 1009 1128 1048 Ad
1154 1009 1258 1056 quod
1283 1020 1368 1057 per-

248 1103 280 1124 „
308 1075 506 1116 ficiendum
529 1105 543 1126 ,
593 1078 687 1116 nihil
736 1078 849 1117 nobis
892 1079 1128 1118 commodius
1183 1077 1333 1117 videtur
1354 1107 1370 1127 ‚

251 1173 284 1194 „
311 1158 422 1194 quam
454 1156 498 1186 ut
518 1147 680 1186 Ordines
707 1147 910 1186 Generales
944 1149 991 1186 ad
1012 1147 1241 1197 reipublicae
1264 1157 1373 1185 com-

249 1243 283 1264 „
309 1218 420 1257 moda
460 1218 712 1266 persequenda
759 1226 796 1255 et
829 1217 1055 1266 pecuniam,
1094 1229 1168 1265 qua
1207 1217 1373 1267 indigea-

249 1312 282 1334 ‚‚
309 1294 399 1333 tur,
425 1285 728 1335 suppeditandam
752 1298 868 1335 atque
897 1287 1113 1336 exigendam
1129 1314 1143 1334 ,
1180 1298 1373 1326 convoce-

249 1354 282 1405 ,‚'
308 1368 407 1404 τρυε.
460 1357 565 1406 Quid
587 1369 675 1395 vero
699 1357 881 1405 impedit,
908 1368 987 1404 quo
1010 1358 1133 1395 minus
1152 1357 1191 1395 in
1218 1366 1290 1395 tam
1313 1359 1373 1395 lu«

250 1454 284 1475 ,‚
311 1425 419 1466 brico
441 1438 562 1465 rerum
586 1426 705 1475 statu,
724 1426 903 1465 ‘Ordines
924 1436 1214 1476 congregentur.
1265 1427 1372 1467 Prin·

249 1523 283 1544 „
308 1495 437 1545 cipes,
487 1497 552 1545 qui
590 1506 688 1535 recte
728 1498 774 1535 de
810 1496 1002 1545 republica
1044 1497 1232 1545 sentiunt,
1273 1498 1373 1547 eJ'us-

244 1593 283 1614 „
311 1566 413 1605 modi
447 1576 678 1606 conventum
717 1567 956 1605 extimescere
985 1578 1062 1606 non
1098 1576 1275 1616 oportet,
1313 1578 1375 1608 ut-

252 1663 284 1685 „
311 1645 401 1686 pote
429 1637 496 1685 qui
518 1637 564 1676 iis
592 1646 630 1676 et
665 1649 739 1687 ope
764 1636 995 1681 etconfiliis
1028 1647 1179 1687 paratus
1211 1637 1289 1677 esse
1314 1639 1373 1678 so·-

251 1735 284 1755 „
310 1707 398 1748 leat.
451 1707 567 1757 Regis
597 1716 742 1746 tantum
771 1707 965 1746 ministros
995 1716 1032 1746 et
1050 1716 1179 1756 turpes
1204 1708 1376 1748 confilia·

250 1805 284 1826 „
309 1778 413 1826 rios,
463 1779 529 1826 qui
567 1779 713 1827 imperii
749 1778 885 1817 limites
921 1778 1176 1826 imprudenter
1211 1779 1376 1818 excesse-

248 1874 284 1895 ‚‚
310 1856 399 1886 runt
437 1849 620 1897 ejusmodi
657 1849 862 1888 concilium
885 1848 1126 1888 reformidare
1164 1850 1373 1899 convenit,

252 1945 284 1966 ‚‚
313 1918 616 1966 quandoquidem
647 1931 768 1957 rerum
800 1927 985 1967 gestarum
1023 1919 1187 1957 rationes
1220 1913 1372 1958 reddere

247 2012 286 2037 „
313 1996 500 2031 tenentur.
535 1989 564 2028 P
580 2001 663 2028 ero
677 1997 828 2031 notus
852 1990 926 2038 J'am
952 2000 997 2027 eo
1023 1989 1252 2037 arrogantiae
1281 2001 1373 2038 pro-

249 2086 286 2106 „
312 2057 445 2107 rupit,
487 2066 530 2096 ut
559 2058 746 2097 Ordinum
785 2060 1045 2098 auctoritatem
1089 2058 1242 2107 prorsus
1282 2071 1375 2106 con-

253 2156 286 2176 „
314 2137 452 2167 temnat
487 2140 693 2177 eorumque
721 2129 758 2168 vi
789 2141 830 2167 ac
868 2129 1042 2177 potentia·
1067 2129 1230 2168 coerceri
1261 2129 1394 2172 nolit..

255 2225 286 2246 ‚.
315 2199 376 2237 Eo
398 2200 612 2248 respublica
644 2201 718 2250 jam
745 2200 939 2249 pervenit,
976 2208 1019 2238 ut
1048 2199 1232 2238 innumeri
1269 2199 1376 2238 inve-

259 2293 294 2317 „
318 2265 466 2306 niantm·
498 2269 696 2319 homines,
735 2269 802 2319 qui
837 2270 951 2320 Regis
985 2270 1184 2320 legumque
1214 2270 1376 2309 auctori.

1205 2362 1209 2363 ’
1267 2366 1300 2389 π
1327 2347 1379 2379 ‘a'
