1483 2860
454 220 520 249 ni:
572 205 876 247 ACETO.
1173 217 1224 258 45

310 472 585 515 CAPUT
632 460 1042 512 TERTIUM.

631 643 712 671 DE

168 809 313 846 MODO,
342 808 427 847 QUO
451 809 480 838 Δ
506 807 737 838 Pamcu’ns
764 807 1020 839 PEREGRINIS
1046 807 1181 838 AcE'rl

232 878 510 909 VARIETATES
549 878 802 907 DEPURGARI
841 877 1026 907 Possum?
1062 877 1121 906 ET

580 947 761 976 som-:NT-

591 1113 762 1156 ἔξωθε
983 1108 988 1111 -

163 1271 392 1338 Vidimus,
430 1290 553 1340 capite
593 1289 856 1339 praecedenti,
893 1296 1038 1328 acetum
1074 1290 1234 1329 crudum

112 1373 194 1403 non
225 1360 302 1400 esse
328 1371 465 1410 purum
502 1358 649 1398 acidum
678 1358 858 1397 aceticum
875 1386 889 1406 ‚
927 1360 988 1398 sed
1022 1368 1168 1408 praeter
1189 1359 1236 1398 il-

112 1433 202 1481 lud,
229 1433 333 1480 quod
357 1429 459 1469 omni
482 1438 588 1468 aceto
614 1429 686 1468 bafi
712 1437 795 1477 est,
820 1428 928 1468 etiam
955 1428 1024 1467 alia
1043 1430 1238 1468 continere

109 1501 293 1554 principia
328 1500 376 1539 ad
411 1508 581 1538 naturam
619 1497 720 1538 suam
756 1499 881 1537 minus
917 1498 1169 1548 pertinentia,
1209 1511 1233 1539 a

109 1572 282 1621 quibus,
320 1579 364 1609 ut
395 1569 593 1617 aliquando
624 1567 810 1618 separetur
845 1576 1011 1617 oportet.
1062 1569 1152 1619 Quo
1186 1570 1235 1609 ad

111 1650 277 1692 quatuor
296 1639 442 1689 priores
466 1639 659 1677 varietates
682 1647 827 1678 acetum
852 1638 1028 1677 nimirum
1052 1638 1130 1677 vini
1145 1668 1159 1688 ‚
1174 1651 1238 1679 ce.

113 1710 288 1759 revifiae‚
314 1710 504 1749 fructuum
531 1718 568 1747 et
594 1707 788 1747 artificiale
817 1708 891 1746 hoc
925 1707 1122 1747 confilium
1148 1709 1239 1749 dua·

112 1782 188 1821 bus
225 1779 508 1831 operationibus
537 1778 684 1827 assequi
721 1777 953 1828 possumus,
1005 1777 1045 1817 in
1078 1790 1236 1828 quarum

110 1852 227 1890 altera
264 1860 400 1898 nempe
438 1857 582 1887 acetum
618 1848 807 1896 separatur
845 1847 890 1886 ab
926 1847 999 1886 illis
1039 1848 1238 1899 principiis

116 1920 240 1960 minus
269 1917 486 1957 volatilibus
519 1918 634 1957 acidis
662 1917 926 1967 vigetabilibus
956 1918 1121 1967 scilicet,
1158 1927 1235 1958 tar·

113 1998 225 2036 tato,
251 1989 420 2038 glutine,
456 1986 627 2037 partibus
660 1987 819 2028 mucosis
849 1997 886 2026 et
910 1987 990 2026 aliis
1024 1988 1231 2039 admixtis;

113 2059 154 2099 in
183 2060 296 2100 altera
322 2067 444 2097 autem
477 2059 523 2096 ab
560 2070 684 2107 aqua,
714 2070 809 2107 quae
832 2058 873 2098 in
898 2059 1016 2109 prima
1050 2061 1236 2110 operatio-

104 2139 178 2180 ne,
206 2140 291 2166 cum
317 2128 423 2166 acido
451 2128 592 2167 acetico
624 2129 833 2169 transierat.

162 2198 286 2237 Primo
316 2198 411 2239 enim
447 2196 656 2237 destinetur
681 2207 855 2248 acetum,
896 2212 992 2248 quae
1024 2201 1227 2243 destillatio

112 2268 263 2319 quando
286 2267 410 2318 parvis
435 2268 542 2307 fimul
575 2269 844 2318 quantitatibus
877 2270 1108 2324 instituitur,
1144 2286 1229 2324 per-

1165 2346 1224 2394 agi
