1483 2860
229 202 293 250 ῃ
452 188 1127 235 CO‘MMENTATto

228 302 294 351 qui
304 300 659 352 perpendiculariter
676 302 789 350 plano
801 311 830 340 x
836 313 862 351 y
881 296 1017 341 insistit
1029 311 1068 342 et
1091 313 1170 352 quo
1183 304 1342 348 circunu

226 374 309 433 tiata
335 380 393 410 est
420 371 636 421 superficies
662 371 880 420 proposita:
906 374 1058 422 planum
1085 381 1239 423 tangens
1259 383 1341 416 tum

224 437 260 480 se
287 439 400 480 habet
423 438 636 491 parallelum
659 426 763 479 axi²z
778 468 791 488 ,
807 448 844 479 et
859 441 938 491 ejus
963 442 1164 491 aequatio,
1191 455 1286 493 quae
1307 449 1353 486 εἰ

224 521 302 552 non
341 511 501 561 amplius
541 509 735 557 continet,
774 509 952 550 satisfacit
988 512 1237 562 conditioni,
1266 519 1342 564 qua

233 592 239 597 ¹
296 614 305 623 .
334 612 339 621 ,
429 581 609 622 szo.
671 580 778 629 Ergo
811 581 902 620 haec
938 581 1110 630 aequatio
1143 583 1347 634 coniuncta

224 612 417 653 obtinetur
438 633 488 685 ὦ

223 728 310 758 oum
329 714 387 756 p
415 716 464 766 (x
479 743 493 764 ‚
514 716 567 766 γ’,
597 716 747 766 z)=o
773 711 992 757 determinat
1024 712 1160 766 lineam
1192 724 1347 758 contac-

224 796 303 827 tus·
356 785 398 825 Si
425 794 539 834 porro
563 798 588 823 z
611 785 708 823 inter
731 785 797 824 has
832 784 924 824 duas
956 786 1196 834 aequationes
1229 786 1349 826 elimi-

222 865 362 903 natur,
402 855 595 893 obtinetur
628 856 802 902 aequatio
836 866 973 893 curvae
1004 854 1044 892 in
1080 855 1194 904 plano
1228 868 1279 906 ,τῃ
1303 838 1351 894 si·

223 935 283 966 tae
297 953 311 974 ‚
338 936 435 974 quae
454 924 592 964 dicitur
618 924 695 964 esse
721 925 800 975 ejus
816 923 1118 964 circumferentia
1138 925 1347 975 projectio·

223 996 284 1036 nis
299 997 475 1049 (conqottr
493 994 538 1034 dc:
560 996 601 1034 la
624 995 854 1046 projectiora)
876 984 918 1033 in·
939 995 1012 1033 hoc
1042 995 1133 1034 dato
1145 995 1258 1044 plano
1285 995 1346 1046 1).

273 1065 577 1109 Confiderationi
613 1065 792 1104 linearum
829 1073 1029 1105 contactus
1072 1073 1110 1104 et
1146 1063 1378 1105 circumfe·'

223 1138 426 1180 rentiarum
477 1134 757 1187 projectionum
808 1135 942 1174 nititur
1003 1130 1149 1173 theoria
1197 1134 1349 1175 umbra*

224 1221 307 1249 rum
334 1218 371 1248 et
403 1207 692 1258 penumbrarum
709 1234 724 1254 ‚
764 1206 852 1255 quia
889 1203 987 1244 linea
1019 1211 1217 1244 contactus
1257 1212 1351 1246 con-

223 1271 407 1319 forrnatur
428 1290 449 1317 a
475 1276 587 1316 radiis
604 1306 618 1324 ,
645 1279 744 1324 quo's
776 1284 920 1324 corpus
953 1271 1144 1317 'luminans
1181 1272 1346 1325 emittit,

225 1358 261 1389 et
293 1348 362 1397 qui
391 1355 550 1396 tangunt
576 1358 716 1394 corpus
754 1346 1005 1393 luminatum,
1043 1352 1157 1393 atque
1187 1342 1350 1383 circum·

221 1418 379 1460 ferentia
419 1416 666 1467 projectionis
709 1415 928 1454 determinat
959 1425 1039 1452 eam
1076 1423 1218 1463 partem
1249 1412 1353 1463 plani

226 1487 420 1540 oppositi,
448 1498 544 1535 quae
571 1485 607 1525 se
628 1484 740 1524 offert
764 1485 1002 1523 obscuratam
1029 1483 1092 1533 2).

276 1555 440 1608 Quando
464 1556 616 1604 planum
644 1562 800 1605 tangens
820 1561 879 1592 est
902 1551 1116 1604 parallelum
1139 1539 1252 1603 plano
1269 1562 1348 1604 κγ,

226 1626 386 1677 angulus
414 1626 668 1678 V(p²-i·q²)
712 1624 750 1664 se
777 1623 890 1664 habet
925 1623 1115 1672 aequalem
1144 1621 1254 1672 sero,
1292 1635 1350 1662 er-

226 1715 275 1753 go
317 1700 543 1752 quantitates
584 1709 611 1750 p
649 1706 686 1735 et
730 1707 755 1746 q
789 1695 961 1743 aequales
1009 1694 1104 1736 sero·
1183 1693 1246 1735 Ex
1286 1693 1347 1734 his

226 1782 355 1824 patet,
382 1781 426 1812 ut
459 1771 651 1810 ordinatae
685 1765 893 1816 superficiei
923 1764 1029 1804 datae
1059 1762 1264 1806 maximum
1287 1762 1349 1804 vel

228 1838 421 1891 minimum
457 1843 621 1881 valorem
644 1837 912 1885 assequantur,
946 1834 1094 1874 necesse
1120 1832 1197 1872 esse
1211 1844 1240 1885 p
1262 1844 1300 1872 et
1324 1843 1351 1886 q

228 1914 426 1954 reddantur
455 1911 625 1958 aequales
651 1905 731 1947 sero
760 1908 822 1956 3).

1243 1973 1284 2022 §·
1300 1973 1352 2024 36

228 2140 233 2143 1
267 2118 299 2158 ι)
320 2117 392 2149 Vid.
408 2117 643 2152 Leroy,1.1.
665 2114 693 2152 §-
714 2121 790 2149 225‚
812 2115 880 2144 226.

266 2176 300 2209 2)
320 2176 406 2207 Hane
430 2174 581 2206 theoriam
616 2172 755 2202 tractavit
784 2174 928 2208 Morige
944 2193 955 2209 ,
983 2175 1079 2205 Mem.
1115 2181 1170 2213 par
1186 2175 1254 2204 δην.
1280 2173 1347 2205 Etr.

230 2233 322 2264 Tom.
340 2232 381 2262 lx
413 2241 444 2269 p.
468 2233 523 2264 :382
541 2231 625 2269 seqq.

266 2291 300 2329 5)
321 2290 390 2320 Vid.
413 2291 459 2319 La
483 2289 657 2325 Grange‚
682 2289 704 2321 1,
723 2290 746 2320 1.
773 2289 808 2320 P.
833 2289 875 2319 11.
898 2289 952 2319 ch.
971 2288 1024 2319 IX.
1046 2296 1079 2324 p.
1110 2288 1166 2323 256
1185 2287 1272 2325 seqq.
1291 2286 1346 2323 qui

1301 2350 1343 2374 ex
