1483 2860
108 507 142 531 2,
168 483 308 529 irritata
353 501 519 535 vetustas
565 502 687 541 omnia
727 506 910 549 exstinxit.
968 513 1101 555 Omnis
1139 520 1225 559 hae-

103 548 136 600 ‚'‚
164 556 251 596 refis
273 560 344 600 hoc
368 563 407 601 in
433 564 470 604 se
505 567 642 620 habet,
671 582 713 612 ut
752 580 922 620 exoriens
956 586 1063 624 tollat
1096 588 1224 638 super-

98 647 134 671 „
159 626 312 680 cilium3
347 633 453 674 fimul
483 649 571 677 vero
593 650 710 691 atque
734 655 845 688 exuta
870 653 1019 692 novitas
1045 665 1122 704 est,
1149 659 1218 698 fibi

93 719 126 741 ‚‚
157 697 282 738 relicta
297 729 310 748 ‚
327 711 362 741 et
383 707 489 745 nullo
501 720 658 759 cogente
674 743 688 762 ,
715 714 847 764 sponte
872 725 1074 764 evanescit.
1110 728 1221 767 Cone

91 790 124 812 „
151 768 245 806 tenti
290 770 402 813 fimus
439 780 572 826 poenis
601 810 615 829 ‚
657 785 795 832 quibus
836 791 930 829 tanti
964 794 1211 843 Imperatores

89 835 123 881 3,
150 834 292 886 fregere
327 843 493 892 flagitia:
545 860 736 901 nunquam
779 859 899 899 tutius
922 891 935 910 ‚
984 877 1094 912 quam
1142 877 1212 916 per

89 929 121 949 ‚‚
150 910 316 957 exempla
350 919 624 964 progredimur.
679 925 792 965 Nova
830 940 866 968 et
909 931 1099 983 inexperta
1123 950 1209 977 cum

88 996 118 1017 „
145 977 311 1021 periculo
347 981 620 1035 suscipiuntur.
674 995 902 1040 Carolus
947 1005 1081 1045 Caesar
1107 1019 1206 1048 anno

83 1045 116 1088 3,
143 1054 269 1084 MmL.
297 1049 583 1097 sollicitantibus
606 1062 815 1106 Provinciis
831 1096 843 1116 ,
860 1071 905 1108 de
932 1073 1054 1121 rigore
1078 1077 1202 1126 legum

85 1138 119 1159 ‚,
147 1117 320 1161 quaedam
346 1120 642 1174 detraxit3ficut
668 1134 790 1174 RexP
808 1139 876 1176 hil
892 1140 902 1174 i
918 1154 1049 1189 ppus
1074 1147 1204 1192 proxi·

79 1207 111 1230 „
139 1194 198 1221 me
225 1188 494 1232 meditabatur:
520 1194 789 1245 benignitatem
815 1206 894 1255 ejus
922 1209 1110 1262 Episcopi
1136 1218 1201 1255 de·

72 1278 106 1299 „
132 1253 281 1296 flexere.
310 1260 372 1298 An
388 1263 498 1303 rectis
512 1267 675 1307 confinis
691 1299 704 1318 ‚
732 1272 800 1321 ipsi
828 1276 1002 1320 viderint.
1030 1283 1115 1333 Ego
1138 1286 1197 1326 in-

71 1345 104 1369 „
131 1324 237 1363 terim
276 1329 374 1377 leges
411 1344 480 1381 pro
517 1338 688 1379 moribus
734 1350 946 1394 temporum
990 1352 1191 1397 flectendas

52 1392 102 1446 —,'‚
124 1394 270 1443 J'udico.
297 1398 500 1443 Vincemus
525 1409 690 1458 scelera,
718 1412 744 1451 fi
769 1424 846 1455 non
867 1419 1039 1462 vicerint.
1087 1425 1187 1467 Nam

61 1485 97 1510 ‚‚
124 1472 168 1502 ut
200 1468 353 1507 omnino
390 1473 466 1511 esse
488 1474 679 1528 definant,
706 1483 771 1522 vix
798 1489 969 1535 equidem
992 1493 1071 1532 fieri
1095 1508 1188 1545 pos-

62 1557 96 1578 „
124 1532 159 1571 se
193 1537 382 1579 existimo.
437 1544 656 1588 Nascituras
686 1551 827 1603 semper
868 1559 1032 1602 haereses
1057 1567 1186 1616 Apos-

60 1625 92 1647 ,‚
121 1604 223 1643 tolus
250 1610 447 1654 praedixit.
501 1616 644 1657 Demus
683 1634 774 1662 vero
793 1654 805 1674 ,
840 1629 940 1679 leges
970 1633 1052 1674 illas
1082 1640 1184 1688 opti-

57 1695 92 1718 „
120 1682 196 1711 mas
223 1676 327 1727 esse3
359 1682 449 1729 quid
472 1685 547 1733 J'am
575 1696 696 1729 tamen
730 1696 965 1743 proficient?
1012 1705 1055 1744 In
1093 1708 1179 1752 plu-

53 1764 89 1788 „
115 1752 174 1780 res
201 1750 377 1797 contagio
411 1750 563 1803 serpfit,
594 1771 704 1807 quam
738 1752 843 1803 citari
867 1772 1012 1814 possint
1051 1773 1176 1823 fingu-

58 1834 92 1866 9,
119 1811 241 1853 lorum
274 1819 442 1860 nomina.
501 1824 606 1876 Quid
632 1828 683 1877 fi,
715 1832 801 1872 dum
844 1836 1009 1879 intentos
1038 1844 1173 1894 jugulo

49 1902 86 1928 ‚,
110 1879 177 1921 suo
203 1885 366 1928 viderint
393 1891 497 1931 enses
514 1923 528 1942 ‚
566 1897 611 1935 ad
637 1897 817 1943 insaniora
847 1909 1061 1952 necesfitate
1093 1916 1172 1955 adi·

49 1969 84 1996 „
109 1956 275 2000 gantur?
302 1958 363 1998 Ex
387 1969 499 2009 parva
524 1964 680 2008 scintilla
706 1983 880 2023 magnum
913 1978 1018 2030 saepe
1044 1996 1168 2027 ortum

47 2043 80 2066 „
107 2030 164 2060 est
189 2023 417 2071 incendium.
472 2034 586 2075 Haud
610 2040 692 2080 aliis
729 2041 849 2085 initiis
882 2048 982 2090 Galli
1006 2052 1046 2092 in
1076 2055 1169 2096 sedi-

43 2112 77 2136 „
103 2088 226 2132 tiones
247 2106 428 2150 erupere3
453 2115 539 2144 cum
571 2110 712 2156 quibus
743 2119 959 2167 conjuratos
991 2124 1163 2177 intelligo

41 2181 75 2207 ,‚
102 2155 240 2202 sociare
264 2169 427 2211 consilia.
461 2173 632 2218 Placandi
656 2193 745 2232 ergo
772 2188 897 2239 aliqua
922 2193 1064 2234 ratione
1078 2197 1164 2239 sunt

41 2229 239 2280 „flnobis,
281 2234 307 2274 ss
345 2251 473 2288 pacem
525 2247 681 2288 retinere
718 2256 909 2300 volumus.
977 2263 1092 2313 Quod
1120 2268 1158 2308 in

576 2316 610 2355 Ε
1014 2361 1045 2383 ,,
1072 2348 1159 2385 prae
