1524 2850
391 283 921 332 onA'rlo.
1185 271 1216 329 9

96 437 169 470 res
215 420 480 476 differentia,
541 429 581 466 et
629 421 749 465 facile
792 419 1079 478 unusquisque
1133 418 1216 463 da·-

98 499 190 553 bit,
235 506 370 544 aetate
406 499 501 543 illos
545 505 586 543 et
628 513 778 557 genere
823 505 863 542 et
904 495 1151 542 educatione
1190 512 1218 541 a

97 590 146 621 se
196 575 375 622 invicem
436 591 563 633 quam
629 565 821 620 maxime
870 575 1086 628 diversos,
1139 589 1219 620 eo-

96 652 196 699 dem
221 653 352 698 modo
380 667 552 707 omnes,
585 653 730 698 doceri
770 667 857 696 non
885 667 1025 712 posse.
1087 651 1221 697 Aliter

96 729 271 774 omnino
318 730 658 790 provectioribus
696 729 837 774 studio
879 737 920 773 et
958 728 1190 774 eruditione
1205 762 1219 784 ,

97 806 219 852 aliter
259 807 567 852 indoctioribus
583 839 595 861 ,
649 806 768 851 initia
811 805 1102 850 doctrinarum
1143 822 1221 851 ex·-

95 883 300 944 plicanda
353 892 478 940 sunt;
523 891 565 930 et
601 892 742 929 tamen
790 898 935 929 omnes
988 883 1046 928 ita
1095 884 1223 929 insti-

98 966 274 1004 tuantur
306 967 503 1019 oportet,
547 967 594 1003 ut
643 975 733 1004 rem
772 959 851 1004 rite
887 959 1147 1019 perspiciant
1180 967 1222 1004 et

99 1036 307 1081 maximos
346 1051 396 1081 ex
428 1037 498 1080 illa
534 1036 706 1096 capiant
743 1036 917 1081 fructus.
980 1037 1058 1082 Uti
1082 1044 1221 1081 autem

98 1105 145 1158 in
185 1114 303 1158 omni
335 1113 628 1157 doctrinarum
653 1127 806 1171 genere
833 1112 1063 1171 requiritur
1100 1114 1222 1158 audi-

39 1225 42 1229 J
99 1197 242 1235 torum
291 1190 562 1257 facultatibus
619 1190 942 1235 accommodata
990 1191 1222 1246 institutio,

96 1267 159 1313 ita
212 1268 325 1312 hanc
378 1268 559 1312 maxime
611 1269 827 1328 postulant
868 1268 1067 1323 scholae,
1113 1285 1223 1326 quae
1280 1313 1283 1316 .

99 1353 306 1392 vocantur
351 1346 598 1401 technicae3
657 1361 835 1403 quarum
876 1345 1032 1406 quippe
1067 1346 1223 1391 alumni

98 1423 225 1483 longe
265 1423 321 1468 ab
362 1423 618 1468 Academica
651 1423 864 1481 juventute
917 1423 1070 1468 diversi
1109 1431 1221 1469 sunt.

94 1501 156 1545 -Hi
177 1501 471 1560 vplurimarum
496 1500 784 1545 doctrinarum
824 1499 1225 1560 disciplinarumque

101 1576 324 1638 principiis
365 1578 449 1635 jam
476 1578 654 1632 imbuti,
688 1585 917 1635 antequam
957 1579 1012 1622 ad
1040 1592 1225 1637 provec-

100 1654 221 1699 tioris
253 1654 414 1700 ordinis
446 1655 647 1700 lectiones
675 1654 978 1709 admittuntur,
1008 1655 1171 1700 liberali
1200 1671 1226 1700 a

103 1732 257 1778 teneris
296 1733 383 1777 fere
437 1732 502 1776 usi
551 1740 649 1777 sunt
693 1731 980 1776 institutione:
1030 1748 1112 1789 qua
1151 1733 1225 1787 fit,

101 1817 149 1855 ut
187 1810 465 1871 plurimarum
510 1825 674 1863 rerum,
712 1809 772 1854 uti
813 1808 1045 1853 litterarum
1082 1810 1226 1854 varia-'-

101 1903 281 1946 rumque
307 1887 544 1945 linguarum
569 1886 866 1945 acquisiverint
896 1887 1066 1931 notitias
1080 1920 1093 1942 ,
1126 1888 1226 1945 qui-

33 2012 40 2021 ‚
102 1965 183 2011 bus
214 1965 408 2010 homines
439 1979 527 2009 non
561 1964 670 2009 bene
705 1963 886 2008 instituti
914 1964 1223 2019 destituuntur,

103 2058 293 2102 quasque
325 2043 370 2087 in
398 2041 657 2102 provectiori
679 2049 843 2095 aetate,
872 2056 960 2085 non
980 2042 1059 2086 nisi
1084 2042 1225 2087 maxi-

101 2120 183 2165 mis
230 2119 342 2165 curis
380 2119 606 2177 multisque
665 2117 815 2178 vigiliis
869 2118 950 2163 sibi
1002 2127 1226 2179 comparat

103 2197 247 2243 homo.
317 2196 429 2242 Hinc
467 2196 640 2251 accidit,
680 2203 727 2240 ut
773 2195 818 2238 hi
860 2196 915 2239 ad
953 2197 1229 2255 plurimarum

102 2274 421 2340 disciplinarum
470 2272 682 2335 principia
738 2271 1023 2328 addiscenda,
1068 2273 1228 2333 quippe

1105 2364 1129 2394 a
1159 2356 1227 2395 te·-
