1483 2860
364 303 875 348 LITERAR1A.
1101 310 1172 347 209

55 422 209 461 arbitrio
242 432 366 469 gerere
382 449 396 468 ‚
423 418 554 465 Belgas
575 416 658 465 jure
680 412 747 451 suo
774 410 927 450 omnino
961 417 1095 446 exuere
1117 415 1174 444 at-

55 504 129 541 que
184 491 315 529 immiti
370 487 526 536 imperio
588 483 768 532 subjicere
814 480 952 519 summe
1009 476 1171 515 eniteba-

54 571 141 603 tur:
171 560 271 610 quafi
308 571 395 598 vero
429 557 595 606 populus
636 552 734 601 regis
774 562 863 599 ergo
896 554 1170 597 congregatus,

53 643 134 671 non
161 642 252 670 vero
285 638 415 668 contra
452 638 516 665 rex
546 623 679 675 populi
708 621 824 670 gratia
865 617 1089 658 constitutus
1112 625 1170 653 es-

59 703 112 741 set
139 702 224 750 (1).

105 771 287 822 Quamvis
315 769 430 818 igitur
464 763 715 806 Gulielmi
759 760 1020 806 Ordinumque
1053 756 1173 794 consi-

55 843 171 889 lium,
199 853 274 888 quo
313 840 447 888 regiam
485 836 699 886 dignitatem
727 833 966 881 dejecerunt,
992 829 1037 865 ab
1066 824 1170 864 omni

57 921 159 961 parte
181 911 323 960 justum
361 921 402 947 ac
428 907 635 956 legitimum
664 901 874 941 habendum
903 898 947 937 s1t
963 926 976 945 ,
1003 907 1080 935 ιιοιι
1109 897 1173 934 de-

58 986 161 1024 fuere
180 992 300 1022 tamen
333 980 398 1018 illo
424 987 591 1026 tempore
615 984 693 1012 non
711 980 852 1010 tantum
868 997 882 1017 ,
909 978 1038 1007 verum
1062 965 1171 1005 etiam

1083 1048 1174 1086 pos-

98 1191 152 1227 (ι)
175 1187 372 1220 Gulielmi
393 1184 529 1212 rationes
551 1183 706 1215 eleganter
723 1174 884 1213 proposuit
901 1175 924 1201 G
937 1173 1091 1205 totius,
1108 1171 1185 1205 op.

58 1249 82 1276 l.
105 1255 173 1283 pag.
195 1254 244 1282 70.
265 1265 285 1279 ,‚
307 1243 412 1272 Rebus
435 1242 475 1271 ita
499 1236 690 1271 constitutis,
710 1241 744 1263 ut
767 1240 875 1262 cuncta
901 1230 953 1259 fibi
977 1236 1072 1264 prona
1094 1226 1174 1256 vidit

61 1324 84 1341 ,‚
105 1305 257 1332 damnatae
269 1299 433 1334 Philipp
446 1306 464 1325 ο
482 1294 638 1330 religionis
650 1292 775 1320 vinculo
794 1297 825 1318 et
842 1285 1086 1317 dissentientium
1101 1282 1177 1312 vali-

75 1360 237 1397 ‚dislimos
255 1360 286 1386 iu
303 1357 373 1386 alias
393 1362 491 1390 partes
510 1353 599 1386 iisse,
627 1348 745 1386 aperire
764 1345 874 1381 incipit
889 1343 1062 1378 usurpatum
1078 1342 1180 1369 hacre-

63 1437 87 1454 ‚‚
105 1425 161 1446 nus
186 1415 302 1451 regium
327 1420 462 1447 nomen,
481 1411 552 1438 dum
574 1409 641 1444 spes
672 1412 805 1434 maneret
829 1401 933 1439 pacis:
953 1407 1034 1428 nunc
1056 1398 1177 1433 quando

111 1476 163 1504 ille
195 1471 392 1507 implacabilis
421 1474 560 1502 tanquam
590 1463 777 1497 rebellibus,
798 1465 1039 1495 conpertumque
1063 1457 1117 1491 fit,
1144 1460 1180 1483 ut

82 1531 179 1566 ,quis
197 1529 229 1557 in
250 1529 353 1561 Belgas
381 1525 504 1553 acerbus
521 1522 629 1551 fuisset
659 1527 690 1548 et
715 1517 867 1551 crudelis,
889 1516 930 1544 ita
949 1515 980 1543 in
1003 1511 1180 1549 Hispaniam

77 1607 87 1623 ,
109 1585 246 1614 inclitum
271 1589 301 1611 et
326 1582 485 1609 florentem
508 1575 664 1611 conspici,
695 1573 768 1610 quid
794 1574 872 1600 ultra
905 1578 1004 1600 errare
1030 1570 1192 1605 populum,

79 1639 285 1680 ‚sacramenti
306 1635 420 1666 veteris
446 1635 525 1664 inani
546 1631 694 1668 religione
713 1629 909 1666 paterentur?
931 1627 1018 1655 Unde
1037 1624 1118 1653 enim
1134 1630 1182 1653 tot

67 1721 90 1737 ,‚
115 1699 214 1728 rurbas
232 1704 262 1725 et
281 1694 416 1728 disiidia,
436 1692 487 1720 nifi
506 1691 587 1726 quod
604 1689 679 1717 fides
705 1687 783 1715 inter
802 1684 927 1720 patriam
955 1690 986 1711 et
1010 1680 1182 1718 principem

67 1777 92 1793 „
112 1755 248 1789 ambigua
268 1752 438 1788 penderet?
460 1749 502 1776 At
529 1745 715 1782 sapientibus
739 1743 817 1771 haud
834 1742 992 1776 ignotum,
1014 1740 1125 1776 populu·
1146 1748 1184 1768 ex

68 1834 91 1849 „
112 1811 253 1848 consensu
267 1830 277 1845 ‚
292 1809 400 1846 populi
418 1806 525 1843 gratia
546 1803 707 1838 institutas
730 1801 790 1835 esse
807 1805 962 1836 potestate
990 1804 1023 1825 ut
1046 1795 1186 1831 superio-

67 1890 90 1907 „
110 1878 158 1898 res
183 1866 320 1902 nugulis,
341 1866 382 1893 ita
398 1864 476 1892 infra
502 1860 681 1895 universos,
711 1865 786 1894 quae
804 1859 823 1885 fi
849 1855 964 1892 publici
995 1861 1095 1882 curam
1120 1836 1185 1889 priss

66 1947 89 1964 ‚,
113 1933 198 1956 vatos
232 1924 270 1953 ai
300 1922 368 1951 usus
398 1925 574 1953 verterent,
597 1918 733 1952 populo,
768 1916 827 1943 hoc
859 1920 904 1941 est
935 1911 1098 1940 Ordinibus
1123 1909 1182 1938 rite

71 2004 95 2021 ,‚
115 1982 246 2018 coactis,
267 1980 414 2014 judicium
434 1985 464 2006 et
489 1975 653 2005 vindictam
671 1972 816 2007 relinqui
857 1971 924 1999 Nec
944 1969 1004 1997 alio
1033 1967 1100 2001 jure
1119 1968 1186 2001 ple·

69 2062 93 2078 „
118 2047 209 2076 taque
234 2045 324 2073 regna
353 2035 561 2071 praesentibus
590 2032 643 2060 sub
675 2029 806 2060 dominis
831 2028 915 2063 esse,
945 2027 998 2055 nifi
1042 2025 1126 2060 quod
1151 2032 1188 2053 ea

77 2118 102 2136 ‚,
121 2095 248 2134 populi,
289 2093 428 2130 priorum
465 2089 591 2124 dijurias
619 2095 668 2116 aut
692 2085 877 2115 socordiam
907 2084 1030 2120 pertaesi
1055 2083 1091 2111 ad
1113 2081 1190 2110 alios

75 2152 348 2213 3,1ranstnlissent.
389 2151 510 2186 Quanto
541 2148 613 2174 haec
639 2144 729 2178 magis
757 2144 787 2171 in
818 2130 918 2176 Belgis
943 2140 1090 2174 valitura,
1121 2138 1188 2175 qui-

92 2212 175 2248 ‚bus
200 2209 314 2251 regium
353 2197 465 2236 nomen
500 2204 650 2238 ignotum
687 2201 800 2236 talique
829 2197 969 2233 obsequii
1003 2196 1127 2228 modus,
1157 2202 1190 2223 ut

79 2289 103 2306 ‚,
123 2276 185 2298 non
202 2268 317 2296 icerent
326 2266 462 2294 solemne
473 2259 711 2294 sacramentum,
731 2257 781 2286 nifi
798 2264 867 2285 ante
893 2253 1061 2290 principem
1081 2252 1114 2280 ln
1137 2252 1188 2282 sua

82 2347 105 2364 „
126 2333 158 2355 et
180 2327 279 2360 legum
294 2324 388 2352 verba
415 2318 603 2356 adegissent?
632 2315 777 2345 Gentium
802 2312 849 2346 jus
873 2312 936 2340 esse
960 2309 1082 2338 alterius
1102 2306 1194 2344 perfi-

83 2404 108 2423 „
128 2383 175 2412 din
204 2381 280 2410 solvi
311 2387 432 2409 mutuos
460 2373 589 2406 nexus.”

148 2467 162 2489 v1
630 2439 664 2478 O

65 1496 89 1513 ’⁵

63 1608 74 1624 9
