1483 2860
360 252 872 294 LITER'A'R'IA.
929 266 932 268 ’
1103 263 1174 302 ¹37

51 394 81 415 ‚,
109 375 176 404 nes
219 366 263 403 ad
303 373 339 404 te
365 366 504 413 perlata
539 362 650 411 sunt,
694 362 882 410 nobisque
929 360 1070 399 causam
1097 372 1179 399 ‹no-

52 463 83 483 „
112 434 217 473 stram
245 446 352 485 agere
383 444 461 472 non
496 441 556 472 est
590 431 823 471 concessum.
864 431 1084 480 Antequam
1113 430 1183 480 igi-

52 530 84 552 „
111 512 174 541 tur
207 504 351 541 causam
394 510 560 540 nostram
601 500 836 540 defendimus
853 529 867 548 ,
920 511 997 538 eam
1014 528 1029 547 ,
1071 511 1182 547 quam

58 600 89 622 „
116 572 352 610 Albanus
387 571 500 610 nobis
529 570 642 610 offert
675 571 819 609 veniam
840 565 947 609 nullo
981 578 1091 619 pacto
1121 580 1182 607 ac-

53 671 87 691 „
113 642 238 692 cipere
269 641 498 691 possumus,
535 641 604 680 nifi
642 640 860 689 nosmetipfi
891 639 993 688 quasi
1026 639 1181 677 crimine

47 728 86 762 ⁴„
111 713 310 752 convictos
349 714 594 750 condemnare
622 712 797 750 velimus.
861 710 1013 749 Etenim
1051 719 1181 760 contra

52 811 86 830 ‚,
115 793 229 830 eum,
256 794 462 831 numquam
499 794 588 820 vero
621 790 753 820 contra
776 790 812 819 te
839 792 939 819 arma
965 779 1179 818 sumfimus.

57 853 261 904 „·Quodfi
299 865 370 901 ea,
412 853 553 901 quibus
599 852 841 900 accusamur,
878 850 1032 889 crimina
1076 861 1180 890 com-

58 952 89 972 „
119 921 354 971 miserimus,
381 921 563 962 summum
595 923 749 961 Numen
776 930 918 969 teque,
962 920 1181 970 augustisfi.

58 1022 90 1043 „
118 1005 177 1032 me
214 1005 278 1032 rex
295 1015 309 1041 ,-
340 1002 454 1031 testes
481 992 668 1039 facimus,
697 1003 844 1030 omnem
872 991 1014 1030 veniam
1040 991 1182 1030 recusa-

59 1091 91 1113 „
120 1076 205 1103 mus
241 1065 480 1113 petimusque
508 1073 551 1102 ut
580 1063 672 1101 diris
699 1061 993 1110 quibuscunque
1017 1070 1183 1101 tormen·

59 1162 90 1183 „
119 1135 168 1172 tis
204 1136 250 1172 ad
282 1142 440 1173 mortem
463 1135 725 1183 perducamur.
892 1127 896 1132 ’

110 1232 140 1251 ,,
170 1204 310 1242 Verum
333 1215 442 1241 nemo
468 1215 630 1251 unquam
646 1204 804 1252 reperiet
821 1231 834 1250 .,
849 1213 921 1241 nos
933 1202 1018 1240 talia
1041 1200 1183 1240 facino-

56 1302 91 1323 „
119 1286 171 1319 ra,
208 1274 246 1312 in
289 1274 454 1313 animum
501 1273 719 1320 induxisse,
760 1274 896 1325 nedum
940 1271 1180 1310 commisisse.

61 1373 93 1393 ,‚
120 1345 261 1393 Regem
283 1355 456 1383 nostrum
484 1345 529 1382 ab
561 1344 671 1382 initio
693 1341 905 1381 obedientia
928 1351 965 1380 et
999 1341 1180 1389 obsequio

60 1444 95 1464 „
122 1414 311 1464 prosecuti
335 1415 491 1463 sumus,
521 1416 746 1463 Deumque,
786 1420 974 1463 quatenus
1014 1412 1184 1462 potueri-

61 1513 93 1534 „
122 1497 230 1535 mus,
256 1486 471 1534 coluimus,
495 1495 609 1534 atque
631 1486 699 1524 hac
734 1485 796 1524 via
821 1486 867 1524 ad
896 1494 1103 1524 extremum
1130 1482 1186 1521 vi-

61 1583 93 1604 „
120 1563 179 1593 tae
215 1555 414 1594 terminum
449 1555 625 1604 progredi
659 1555 908 1594 decrevimuS.
974 1554 1077 1602 Sed,
1117 1553 1184 1592 ubi

60 1653 92 1675 ‚,
122 1626 371 1664 Albanum
395 1654 409 1672 ,
457 1626 567 1676 cujus
602 1633 678 1663 erat
715 1624 898 1675 justitiam
939 1623 1064 1671 tueri,
1100 1635 1187 1672 pre-

62 1725 94 1745 „
122 1708 260 1745 cesque
308 1705 457 1734 nostras
493 1695 647 1742 audire,
696 1694 890 1743 privilegia
929 1693 1018 1732 olim
1071 1704 1092 1730 a
1147 1701 1182 1731 te

60 1796 92 1817 „
121 1768 233 1806 nobis
262 1767 436 1806 concessa
455 1766 669 1815 negligere,
705 1773 838 1804 contra
866 1766 928 1814 Jus
955 1763 1088 1811 fasque
1113 1774 1184 1800 nos

60 1867 94 1889 „
122 1839 264 1878 immite
293 1848 474 1886 tractare,
518 1837 679 1875 inaudita
704 1835 842 1885 flagitia
862 1833 1048 1882 suscipere
1073 1841 1186 1881 atque

61 1938 93 1959 „
121 1911 274 1961 pati-Iam
310 1910 465 1959 perdere
494 1907 685 1955 vidimus,
734 1904 949 1945 necesfitate
986 1903 1108 1942 coacti
1141 1903 1187 1942 ad

65 2009 96 2030 „
124 1992 222 2020 arma
270 1980 470 2027 venimus,
520 1989 598 2027 quo
651 1976 829 2016 omnibus
866 1974 989 2013 modis
1028 1973 1187 2023 patriam

64 2079 97 2102 „
123 2060 288 2089 nostram
322 2061 452 2089 contra
488 2047 784 2088 crudelissimum
829 2046 1060 2086 dominatum
1094 2044 1192 2094 injtt-

66 2150 98 2171 „
126 2121 391 2170 stisfimamque
428 2121 504 2159 vim
546 2118 854 2158 defenderemus2
894 2118 993 2166 apud
1027 2115 1191 2154 animum

65 2219 98 2240 „
125 2192 419 2238 constituentes,
449 2202 520 2229 nos
546 2202 614 2239 pro
649 2189 769 2239 patria
806 2188 933 2235 mori,
961 2197 1072 2234 quam
1105 2195 1194 2223 nos-

66 2290 97 2310 „
125 2262 311 2312 metipsos
336 2261 518 2312 ejusmodi
534 2270 692 2310 tyranno
708 2260 885 2309 subjicere
905 2258 1026 2296 malle.
1056 2256 1098 2294 In
1113 2265 1189 2302 quo

1044 2353 1074 2374 ,‚
1101 2335 1190 2364 con-
