1483 2860
167 169 216 207 23
395 163 1060 210 COMME-NTATIO

163 275 287 315 debite
322 273 503 314 calefacto
535 276 764 325 deponatur:
818 286 909 325 post
941 286 1030 317 octo
1062 280 1124 319 vel
1149 280 1275 322 decem

162 344 379 395 septimanas
408 353 553 385 acetum
578 353 746 393 paratum
783 354 841 384 est
871 347 931 394 ι).

211 415 370 454 Acetum
402 415 475 453 hoc
493 415 622 463 ,modo
654 413 873 462 acquisitum
897 425 956 456 est
977 417 1129 458 decolor
1144 447 1160 469 ‚
1185 420 1280 459 odo·

162 484 214 524 ris
245 494 359 534 atque
390 483 529 531 saporis
555 481 774 532 purisslmi‚
803 483 964 533 satisque
996 485 1137 536 fortis,
1164 497 1278 537 atque

158 554 265 592 color
293 552 387 591 aceti
422 563 443 589 e
469 551 560 589 vino
591 550 808 592 stramineus
841 553 897 592 illi
931 554 1107 597 facillime
1142 558 1280 608 imper·

157 622 253 662 titur
275 621 435 660 admixta
456 617 573 669 parva'
593 620 753 661 sacchari
781 623 933 674 adusti,
960 625 1000 665 in
1021 634 1127 666 aceto
1158 613 1292 669 calido⁸

162 692 302 740 soluti,
338 691 560 741 quantitate.
1032 733 1036 737 ,

210 763 322 810 Mel,
347 761 517 810 quamvis
543 761 670 800 multis
694 762 850 803 dotibus
875 763 1046 804 saccharo
1064 765 1201 816 fimi1e‚
1223 775 1282 807 ta·

162 843 247 872 men
273 831 424 882 penitus
452 843 538 871 cum
572 832 639 871 illo
680 831 832 872 minime
863 834 1054 874 convenit.
1132 837 1281 876 Praeter

159 903 369 943 saccharum
402 903 499 941 enim
533 902 743 951 saepissime
783 903 823 941 in
864 903 931 942 ino
971 906 1074 944 adest
1107 906 1280 946 materies

162 974 340 1023 quaedam
370 972 452 1012 alba
480 971 675 1022 granulosa
705 972 744 1011 in
778 985 875 1021 aqua
907 983 943 1012 et
974 975 1146 1030 alcohole
1179 975 1282 1016 solu-

161 1043 280 1092 bilis,
330 1051 412 1082 tum
443 1042 553 1081 etiam
587 1054 698 1091 cera3
749 1043 917 1082 chemico
956 1054 1130 1094 respectu
1167 1046 1285 1096 igitur

160 1125 247 1153 cum
271 1112 442 1152 saccharo
477 1113 627 1151 minime
659 1111 844 1151 confundi
877 1114 1015 1163 debet,
1056 1127 1282 1164 quamquam

163 1195 282 1233 aeque
308 1182 418 1222 facile
437 1195 478 1222 ac
503 1183 714 1221 saccharum
733 1183 773 1222 in
793 1192 938 1223 acetum
960 1193 1127 1225 mutetur
1149 1186 1225 1237 2);
1246 1195 1283 1226 et

164 1254 314 1302 quidem
329 1265 441 1302 parva
461 1251 569 1291 simul
588 1253 794 1301 quantitate
816 1263 961 1294 acetum
982 1256 1061 1295 vini
1076 1256 1283 1296 artificialie

163 1336 187 1363 e
210 1325 318 1362 melle
345 1323 488 1372 optime
513 1322 681 1371 sequenti
705 1316 849 1362 ratione
872 1334 1126 1374 praeparatur.
1182 1327 1280 1367 Tres

163 1394 295 1434 unciae
332 1393 458 1432 tartari
485 1392 700 1442 pulverisati
731 1402 767 1432 et
797 1396 846 1443 4}
873 1394 1002 1433 unciae
1035 1396 1155 1434 mellis
1178 1407 1284 1436 com-

164 1464 290 1504 munis
315 1463 403 1502 flavi
423 1462 614 1501 solvantur
636 1463 674 1501 in
700 1475 723 1511 9
745 1463 814 1501 lib.
836 1473 952 1511 aquae
978 1463 1154 1512 pluvialis
1177 1466 1284 1506 ebul-

163 1534 316 1582 lientis,
345 1545 441 1582 quae
471 1532 609 1571 solutio
633 1532 718 1570 dein
751 1543 837 1570 cum
869 1535 938 1582 10}
959 1532 1027 1572 lib.
1055 1545 1174 1590 aquae
1202 1537 1286 1585 plu-

163 1605 272 1645 vialis
311 1613 349 1643 et
379 1617 402 1644 2
428 1603 497 1642 lib.
525 1603 617 1641 boni
647 1602 742 1641 aceti
774 1601 969 1641 cerevisiae
996 1604 1143 1642 misceri
1173 1606 1285 1646 debet

162 1685 276 1725 atque
300 1675 341 1714 in
369 1673 690 1714 fermentationem
727 1672 841 1720 duci,
886 1671 1077 1712 additione
1111 1674 1284 1715 fermenti

164 1759 211 1786 ex
242 1759 263 1796 3
299 1747 360 1785 vel
387 1758 412 1795 4
445 1744 566 1783 unciis
597 1743 703 1794 panis
734 1742 880 1781 secalini
919 1754 1004 1781 cum
1036 1756 1059 1782 2
1089 1744 1158 1784 lib.
1186 1745 1281 1785 boni

165 1818 288 1865 aceti,
313 1815 352 1855 in
382 1824 523 1864 pastam
555 1813 729 1862 reducti,
762 1813 940 1853 confecti.
994 1814 1098 1852 Haec
1131 1815 1283 1856 miscela

164 1887 240 1928 vafi
273 1885 432 1926 immissa
466 1893 557 1935 post
586 1893 675 1923 octo
707 1885 766 1923 vel
791 1884 916 1924 decem
941 1883 1188 1924 hebdomades
1211 1886 1284 1925 bo·

1192 1967 1284 1999 num

210 2109 242 2146 ι)
266 2109 304 2138 C.
328 2110 359 2138 F.
381 2108 661 2144 Hermbstiidt,
683 2109 705 2137 1.
727 2110 750 2137 Ι.
774 2115 842 2143 pag.
867 2113 935 2143 139.

209 2167 245 2205 α)
264 2168 309 2196 Μ.
333 2167 485 2204 Orsua,
512 2158 655 2196 Elemens
680 2167 717 2195 de
743 2165 882 2202 Chimie,
913 2166 981 2194 Par.
1006 2165 1093 2203 1824.
1125 2162 1215 2199 Tom,
1234 2162 1279 2192 11.

171 2232 239 2260 pag.
262 2232 311 2261 30.
