1560 2860
465 291 854 340 ORATIO.
1145 286 1201 332 37

103 452 195 482 mus
212 469 225 491 ,
256 444 297 483 et
326 435 539 492 utriusque
568 430 792 478 sententias
821 429 885 475 vel
913 427 1056 474 leviter
1084 439 1207 470 com-

103 514 411 574 paraverimus,
441 509 639 556 continuo
672 507 902 560 videbimus
916 538 928 559 ‚
952 518 1078 562 quam
1092 503 1208 547 salu-

102 590 272 644 tariter,
301 604 380 649 per
421 586 802 649 praesentissimam
834 581 996 628 Summi
1018 577 1207 624 Numinis

101 667 430 712 moderationem
446 697 459 719 ,
483 667 610 708 illius
632 664 714 707 late
730 676 877 722 sparsa
898 673 947 704 ac
963 658 1032 703 diu
1045 670 1209 717 propa-

103 751 200 802 gata
214 742 415 788 doctrina
436 742 520 788 vim
539 748 579 785 et
595 739 883 785 efficacitatem
909 733 1109 780 retuderit
1140 732 1213 776 in·-

103 820 376 879 fregerstque,
423 822 548 876 quam
590 819 730 871 bajas
774 813 930 874 placita
950 844 963 866 ,
1005 810 1094 855 sine
1132 808 1215 852 hac

105 895 378 941 aemulatione
392 927 406 950 ‚
460 895 506 937 in
550 892 767 936 hominum
814 890 974 933 animos
1020 883 1215 929 habitura

105 971 294 1016 fuissent.
309 971 540 1014 —Eodem
569 976 706 1013 autem
729 966 977 1027 providente
986 963 1081 1008 Deo
1097 993 1109 1015 ‚
1123 961 1217 1004 fac-

107 1055 195 1092 tum
222 1054 307 1100 est,
337 1054 383 1090 ut
415 1045 725 1104 Spinozae,
764 1050 938 1086 naturae
975 1037 1220 1084 mechanis-

107 1138 222 1168 mum
249 1122 392 1166 liberis
423 1120 613 1164 Numinis
652 1118 834 1163 consiliis
861 1116 1111 1162 substituere
1137 1127 1217 1157 co-

107 1199 224 1254 nati,
255 1211 447 1251 errores,
474 1197 529 1240 ad
557 1196 1066 1251 Plzysico-tlzeologiam
1096 1203 1219 1248 egre-

111 1277 176 1335 gie
214 1274 511 1328 excolendam,
538 1272 773 1329 Rajum,
803 1266 1219 1323 Nieuwentijd-

85 1351 88 1353 Α
111 1353 247 1398 tium
268 1352 455 1408 aliosque
475 1350 717 1409 praeclaros
731 1346 857 1394 Viros
873 1344 1128 1390 adducerent
1151 1347 1220 1385 at·-

113 1449 196 1492 que
215 1431 477 1489 impellerent
513 1425 632 1486 (30).

171 1511 260 1556 Sed
287 1508 574 1566 qualecunque
609 1503 806 1563 judicium
842 1502 895 1547 de
923 1501 1074 1553 rebus,
1115 1511 1222 1556 quas

118 1588 258 1634 adhuc
291 1584 499 1642 attigimus
515 1614 527 1634 ‚
555 1582 689 1626 Vobis
717 1580 935 1624 serendum
963 1575 1224 1629 existimetis3

116 1666 205 1710 Vos
229 1668 340 1707 certe
361 1673 534 1711 omnes,
564 1657 819 1701 Auditores!
862 1653 1131 1699 assentientes
1143 1651 1228 1694 ha·-

117 1741 230 1788 bebo
243 1743 263 1793 ‚⁸
302 1736 399 1790 ubi,
455 1734 511 1778 ad
548 1740 693 1777 nostra
721 1745 970 1791 progressus
1008 1736 1227 1787 tempora,

118 1819 264 1863 dixero
284 1821 419 1870 ,atque
445 1811 707 1854 affirmavero
723 1840 735 1861 ‚
762 1807 844 1866 piis
870 1805 1080 1864 gratisque
1107 1817 1231 1847 men-

118 1895 232 1940 tibus
257 1890 382 1936 nobis
407 1885 736 1947 praedicandum
761 1897 849 1927 esse
873 1896 1078 1926 summum
1102 1894 1232 1923 mun-

119 1972 166 2017 di
200 1968 543 2017 Moderatorem‚
588 1961 683 2019 qui,
721 1961 802 2004 hae
829 1957 1116 2019 potissimum,
1150 1955 1234 2015 qu‘a

49 2049 55 2057 “
121 2037 889 2100 vivimus‚aetate‚perGarvium‚
908 2033 1232 2085 Jacobium,

126 2126 164 2171 F
174 2125 259 2169 rie
274 2138 294 2167 s
305 2137 333 2166 u
345 2136 388 2164 m
435 2118 669 2173 horumque
718 2113 945 2172 discipulos
959 2144 970 2163 ‚
1001 2110 1233 2170 providerit

129 2214 180 2245 ac
210 2195 493 2259 praecaverit,
539 2208 593 2237 ne
631 2191 702 2236 ulli
743 2190 809 2235 Fi
827 2188 978 2234 chtii
994 2219 1006 2241 ,
1039 2187 1069 2232 S
1085 2186 1236 2230 chel-

128 2277 168 2321 {i
179 2290 206 2320 n
219 2273 295 2333 gii
318 2305 330 2326 ,
402 2271 442 2316 H
455 2285 477 2314 e
488 2286 514 2328 g
526 2269 624 2314 elii
677 2274 850 2312 conatus
901 2267 999 2308 Der?
1045 2265 1237 2309 viventis

132 2363 267 2413 atque
321 2350 542 2404 illigentis
590 2344 804 2390 notionem
862 2341 1082 2387 obliterare
1131 2353 1239 2397 pos·-

1122 2420 1212 2459 sent
1229 2445 1243 2468 ,
