1483 2860
227 191 278 242 46
453 180 1124 232 οοΜΜΕΜΤΛΤῙο

223 301 281 351 agi
301 308 426 350 potest
447 300 486 338 in
499 300 589 339 vafis
613 300 870 339 destillatoriis
892 301 1045 349 vitreis,
1066 302 1197 350 maJ‘ori
1218 313 1341 345 autem

223 371 428 422 quantitate
451 371 654 409 metallicos
690 380 888 418 apparatus
923 371 963 408 in
994 371 1174 410 auxilium
1203 385 1338 413 vocare

221 443 398 482 debemus
412 468 427 488 ,
454 449 491 478 et
514 439 747 486 quidem'vel
769 451 834 477 vas
852 441 1135 484 destillatorium
1156 455 1339 492 cupreum

218 511 364 550 interne
398 509 524 547 stanno
562 508 655 545 bene
690 508 918 556 obductum,
947 511 1006 548 vel
1038 523 1058 548 e
1085 511 1213 550 stanno
1238 524 1336 561 puro

217 580 459 625 confectum,
486 586 575 616 tunc
601 578 697 615 enim
719 578 815 624 certi
839 577 915 616 esse
941 580 1165 630 possumus,
1191 583 1337 620 nullum

217 650 301 689 fore
331 649 564 698 periculum,
614 649 716 695 quod
751 660 771 685 e
806 659 925 696 cupro
959 649 999 686 in
1032 659 1136 688 aceto
1173 660 1249 689 tam
1283 651 1339 691 fa-

216 720 287 759 cile
308 718 483 765 solubili,
511 726 697 756 caeterum
719 726 819 756 certe
843 718 1001 757 oritetur
1018 720 1085 767 1):
1114 719 1155 757 in
1175 730 1338 771 utroque

216 799 340 829 autem
382 783 465 828 easu
505 788 562 826 uti
601 788 778 826 debemus
819 788 946 826 stanno
979 786 1180 836 ‘purissimo
1221 788 1340 839 angli-

215 872 279 900 co,
307 860 372 898 CI.
400 849 678 906 Ro'biquet
700 859 788 896 vero
804 852 967 907 suadet,
983 855 1195 907 excipulum
1220 872 1338 909 aeque

215 943 258 970 ac
295 929 410 968 tubos
445 940 489 967 ex
533 937 687 977 argento
727 928 934 977 conficere,
975 930 1150 977 quoniam
1185 930 1338 970 minima

215 1000 334 1041 stanni
367 999 481 1039 soluti
520 998 709 1048 quantitas
745 998 887 1046 liquori
912 998 1103 1036 destinato
1131 999 1340 1048 impertire-

214 1080 280 1111 tur
313 1071 478 1109 colorem
521 1069 741 1115 albicantem
779 1069 938 1118 ersque
963 1071 1125 1109 ,odorem
1161 1070 1339 1119 deprava·

214 1152 272 1183 ret
298 1142 357 1189 2).

267 1212 448 1261 Sequenti
487 1212 601 1250 modo
645 1211 718 1261 jatn
762 1211 808 1249 ad
845 1209 1132 1248 destillationem
1180 1211 1335 1261 procedi

210 1272 309 1333 'solet
337 1283 640 1335 3).1mpletu1·
676 1274 876 1318 alembicus
914 1281 960 1317 ad
993 1281 1011 1303 ⁷
1040 1279 1095 1318 sui
1128 1280 1334 1319 voluminis

214 1363 339 1406 partes
373 1363 478 1392 aceto
515 1353 656 1399 crudo,
708 1356 821 1398 atque
855 1349 1041 1388 adduntur
1079 1361 1150 1398 pro
1181 1349 1335 1398 singulis

214 1427 366 1467 ‘duobus
397 1424 560 1473 sextariis
594 1424 685 1460 duae
719 1422 913 1459 drachmae
946 1418 1128 1456 carbonis
1157 1420 1336 1467 vegetalis

212 1496 310 1535 ben'e
345 1496 494 1541 exusti,
535 1484 708 1539 contusi,
743 1501 869 1528 exacte
895 1501 981 1528 cum
1007 1476 1111 1527 aceto
1135 1489 1331 1530 miscendi.⁸

209 1551 360 1612 Deinde
379 1564 581 1604 alembicus
609 1561 845 1611 imponitur,
872 1568 909 1597 et
934 1558 1187 1598 commissuris
1214 1551 1334 1608 probe

207 1635 375 1686 claufis‚
401 1636 526 1675 fasciis
565 1632 718 1676 linteis,
744 1633 827 1669 luto
860 1642 906 1668 ex
934 1628 1053 1667 farina
1089 1637 1125 1667 et
1158 1627 1265 1693 aqua
1280 1631 1335 1669 il·-

214 1709 362 1757 linitis,
400 1707 562 1757 primum
590 1706 693 1749 leni,
745 1702 877 1741 deinde
912 1700 1041 1739 senfim
1074 1709 1214 1748 aucto,
1245 1700 1332 1749 igne

218 1781 447 1828 destillatur3
477 1789 560 1827 pars
587 1787 676 1815 vero
695 1775 817 1823 primo
841 1771 1018 1811 transiens
1043 1769 1233 1822 rejicitur,
1248 1777 1335 1808 cum

202 1845 318 1899 ⁸enim
352 1863 448 1900 aqua
486 1848 592 1887 acido
618 1846 758 1884 acetico
789 1843 833 1882 fit
860 1841 1047 1880 volatilior
1080 1840 1187 1890 prius
1218 1841 1333 1878 etiam

206 1911 388 1973 'transsit3
416 1929 617 1971 postquam
650 1928 738 1955 vero
772 1918 794 1967 {-
819 1925 904 1962 pars
931 1911 1025 1950 aceti
1056 1910 1212 1949 adhibiti
1238 1922 1257 1948 e
1277 1911 1334 1948 re'-

211 1998 320 2036 ‘torta
358 1990 541 2042 disparuit
577 1987 790 2036 excipulum
823 1983 1028 2032 apponitur
1061 1990 1098 2020 et
1132 1977 1332 2041 destillatio

1072 2057 1075 2065 ”
1247 2060 1338 2090 con-

212 2197 214 2201 ,
261 2160 670 2203 1)Her1nbst5dt‚lib.
692 2160 738 2194 1.,
759 2165 822 2192 pag.
845 2163 916 2192 2¹4·

259 2227 293 2264 2)
313 2224 453 2254 Dietion.
476 2220 650 2252 technolog.
674 2219 741 2245 Art.
763 2214 843 2243 acia.
865 2219 963 2247 acet„
984 2218 1054 2246 pagt
1073 2214 1122 2244 58.

262 2287 297 2324 3)
318 2272 602 2314 Hefmbstiidt,
623 2276 677 2305 lib.
703 2277 747 2311 1.‚
769 2281 838 2309 pag.
864 2280 931 2308 214.
954 2270 982 2306 ς.
1006 2277 1062 2302 550
1082 2268 1149 2302 seq.
1180 2275 1203 2278 ’-
