1483 2860
260 267 311 305 24
492 250 1171 296 COMMENTATIO‘

263 365 345 415 nit,
371 373 414 404 ut
436 365 629 415 copiarum
652 365 768 412 loco,
795 364 951 414 pecunia
966 364 1005 404 in
1034 362 1196 404 Galliam
1221 363 1385 404 mittere·

265 442 329 473 tur
350 436 373 483 ζ
377 434 437 481 1).

316 503 464 542 Eodem
513 513 611 541 anno
662 505 763 543 1662
803 503 1083 543 Francofurtiae
1121 504 1273 543 comitia
1317 505 1387 542 im-

267 573 423 622 perialia
444 572 614 622 (Belgice
636 573 828 625 rzjksdag)
855 575 1087 613 habebantur
1103 603 1117 623 ,
1143 574 1210 612 ubi
1239 573 1389 612 Maxi-

268 642 524 681 milianus
558 642 792 692 imperatoris
825 643 1140 683 Ferdinandi
1179 643 1278 682 filius
1305 643 1390 682 Rex

269 711 446 752 Romano
464 735 479 742 -
495 712 721 752 Catholicus
755 715 936 751 creandus
975 724 1066 753 erat.
1133 714 1262 764 Quum
1306 713 1392 751 Bel·

267 791 409 831 garum
444 793 600 831 quoque
649 784 791 831 legatus
834 783 881 821 ad
919 783 1009 822 haec
1045 784 1221 823 comitia'
1243 783 1393 822 mitten-

266 836 339 890 dus
369 850 480 898 esset,
515 852 588 889 hoc
629 862 766 890 munus
793 852 832 890 in
862 853 898 891 se
924 853 1084 891 delatum
1121 853 1166 890 iri
1205 853 1392 891 Guliel-

265 929 373 958 mus
408 920 591 969 sperabat.
657 921 799 960 Verum
817 950 832 970 .,
883 921 971 970 quia
1016 922 1305 971 Margarita
1357 922 1391 960 ei

267 987 336 1027 ilio
375 997 545 1041 tempore
582 1003 714 1040 parum
746 991 924 1040 favebat,
964 993 1045 1030 aliis
1080 993 1207 1030 electis
1233 992 1392 1040 legatis,

267 1059 338 1098 hac
363 1059 426 1109 spe
454 1061 607 1100 excidit.
662 1061 925 1100 Nihilominus
953 1062 1246 1101 Gulielmus
1279 1063 1394 1100 Fran-

239 1129 467 1170 .cofurtiam
501 1131 698 1180 profectus
738 1141 796 1170 est
835 1140 895 1179 et,
921 1132 977 1170 uti
1013 1132 1194 1178 videtur,
1235 1133 1281 1170 de
1310 1131 1394 1168 Bel-

267 1209 397 1248 garum
436 1202 646 1240 commodis
677 1213 763 1240 cum
800 1202 972 1250 plurimis
999 1201 1191 1240 Romanae
1220 1200 1393 1249 religioni

267 1278 349 1308 non
383 1269 542 1309 addictis
576 1270 816 1319 Principibus
846 1272 1060 1310 collocutus·
1089 1280 1145 1310 est
1171 1279 1283 1320 atque
1306 1269 1396 1309 ami-

265 1338 392 1378 citiam
428 1351 517 1378 cum
543 1339 589 1377 iis
623 1340 810 1379 contraxit
834 1340 920 1390 (Ω).

768 1482 804 1532 §-
859 1494 898 1529 9.

317 1618 642 1669 Quemadmodum
682 1622 718 1658 in
751 1621 927 1659 omnibus
970 1620 1186 1658 civitatibus
1227 1620 1305 1658 fieri
1339 1618 1394 1658 so-

267 1689 342 1736 let,
369 1689 462 1737 ubi,
490 1691 672 1729 converso
704 1703 826 1732 rernm
857 1691 988 1729 ordine
1005 1719 1017 1737 .,
1040 1702 1143 1728 nova
1170 1701 1211 1728 ac
1238 1690 1312 1739 juri
1339 1691 1393 1728 ci-

264 1757 394 1797 vitatis
431 1761 616 1798 contraria
648 1761 903 1810 inducuntur,
942 1761 994 1800 ita
1020 1771 1174 1808 quoque
1208 1760 1274 1798 isso
1303 1769 1394 1798 tem·

267 1839 362 1877 pore
391 1828 431 1867 in
455 1830 585 1879 Belgio
617 1831 718 1870 varia
758 1831 898 1869 civium
927 1838 1029 1869 erant
1057 1829 1208 1868 consilia
1240 1841 1282 1867 ac
1309 1830 1393 1878 opi-

267 1897 414 1939 niones.
467 1898 610 1937 Omnes
638 1900 742 1938 cives
766 1901 806 1937 in
836 1902 927 1939 duas
960 1908 1082 1947 partes
1111 1907 1212 1936 erant
1238 1898 1393 1937 distrac-

267 1966 314 2007 ti.
367 1968 498 2006 Altera
525 1980 610 2016 pars
639 1969 701 2007 cui
729 1970 961 2019 praepositus
993 1978 1069 2008 erat
1096 1970 1392 2008 Perenotus

266 2036 383 2086 regiis
418 2036 585 2076 consiliis
610 2036 774 2079 favebat.
828 2040 931 2079 Haec
955 2051 1043 2078 vero
1069 2039 1219 2078 consilia
1247 2051 1291 2078 eo
1316 2038 1395 2079 fere

1311 2117 1394 2148 ten·

309 2189 367 2228 (ι)
387 2190 459 2221 Vid.
500 2190 602 2220 Lmen
635 2199 695 2222 cet.
742 2193 766 2221 1.
798 2201 865 2228 pag.
904 2202 970 2228 271.
1021 2193 1229 2228 schiller,
1274 2191 1334 2228 Op.
1363 2195 1387 2223 ι.

272 2253 341 2281 pag.
368 2249 433 2275 182.

309 2300 363 2337 (ι)
384 2299 456 2327 Vid.
480 2299 580 2326 Lem-1
604 2307 661 2326 act.
688 2299 708 2326 1.
731 2308 761 2333 p.
787 2307 853 2332 275·
878 2299 942 2335 sqq.
