1560 2860
355 318 401 354 82
684 315 1001 353 ΔΝΝΟΤΛΤΑ
1052 326 1118 352 AD

405 423 502 472 Pag.
531 433 568 470 5.
595 422 664 472 (2)
691 423 836 462 Decreti
858 422 944 472 regii
960 422 1075 470 ,editi
1100 421 1138 461 d.
1169 434 1206 460 9..
1231 434 1293 475 m..
1308 420 1457 471 Augus·

356 496 388 532 ti
411 505 451 532 a.
478 496 602 541 1815,
630 505 705 540 quo
732 503 788 530 res
812 501 958 531 nostrae
993 493 1216 530 academicae
1252 499 1454 540 reguntur,

356 563 550 602 innuebam
572 572 656 611 prae
681 561 832 601 caeteris
853 562 891 610 §-
912 563 977 599 62.

405 699 505 750 Pag.
533 701 572 738 6.
601 698 669 748 (3)
684 698 797 749 Quod
809 696 1096 736 haecdoctrinae
1111 695 1357 734 denominatio
1376 695 1458 733 vul·

357 771 432 819 gari
457 771 675 809 nostratium
692 780 762 807 usu
787 768 1034 816 reciperetur,
1060 767 1132 805 nisi
1159 765 1291 813 fallor,
1318 765 1456 803 factum

354 839 522 887 inprimis
539 847 598 877 est
620 848 684 886 per
697 837 944 876 auctoritatem
959 836 992 875 C
1008 836 1030 874 h
1045 846 1062 873 r
1075 835 1118 873 is
1131 844 1145 873 t
1157 836 1169 872 i
1181 848 1199 872 a
1213 835 1261 873 ni
1290 833 1456 882 Wolf,

355 909 450 958 qui,
476 920 559 948 cum
586 907 846 956 Philosophiae
873 915 1022 954 partes,
1048 916 1092 943 ex
1128 904 1378 943 Leibnitii
1394 898 1458 942 >ra·

353 978 480 1026 tione,
508 979 547 1017 in
578 978 790 1026 disciplinae
820 975 976 1014 formam
1004 975 1207 1023 redigeret,
1244 974 1277 1010 T
1274 973 1457 1022 heologiae

353 1048 548 1086 Naturali
570 1047 642 1097 (ita
673 1047 770 1085 enim
790 1045 1069 1093 Philosophiam
1094 1044 1139 1081 de
1172 1043 1281 1081 rebus
1306 1043 1454 1081 Divinis

353 1115 520 1165 dicebat)
545 1118 762 1165 peculiarem
787 1115 911 1154 locum
936 1115 1036 1153 dedit
1051 1141 1064 1161 ‚
1089 1124 1242 1161 eamque
1267 1114 1311 1151 de
1331 1113 1459 1151 indus-

352 1187 422 1226 tria
448 1187 615 1225 tractavit
638 1186 676 1224 in
691 1197 826 1233 opere,
853 1185 961 1235 cujus
976 1212 990 1233 ‚
1015 1186 1137 1223 denuo
1160 1184 1275 1231 editi,
1290 1183 1335 1222 P.
1361 1184 1392 1222 Ι.
1418 1196 1454 1222 a.

357 1268 480 1305 1739,
506 1256 548 1294 P.
573 1256 618 1294 II.
645 1267 678 1294 a.
698 1267 790 1304 1741
809 1283 823 1303 ,
848 1255 958 1303 Lips.
984 1263 1019 1293 et
1042 1253 1212 1293 Francos.
1239 1254 1388 1303 prodiit.
1404 1274 1458 1283 —

352 1327 395 1365 In
432 1326 692 1365 celebrIOribus
729 1326 946 1364 Germaniae
989 1324 1228 1372 Philosophis
1272 1324 1452 1371 ultimus,

352 1405 528 1446 quantum
553 1396 670 1443 novi,
698 1397 763 1443 qui
786 1396 976 1443 antiquum
1004 1395 1215 1443 disciplinae
1245 1406 1380 1434 nomen
1406 1406 1461 1431 re-

353 1467 508 1514 tineret,
538 1465 610 1504 fuit
630 1467 677 1505 K.
705 1466 758 1505 Η.
781 1466 1169 1514 Heydenreich3
1198 1466 1305 1514 cujus
1327 1475 1454 1512 opus,

352 1538 491 1583 multa,
530 1538 575 1575 ad
601 1537 729 1574 Kantii
767 1537 826 1575 his
860 1537 904 1574 de
939 1536 1049 1574 rebus
1096 1535 1372 1582 Philosophiam
1412 1536 1455 1573 il·

351 1608 573 1646 lustrandam
588 1634 601 1653 ,
616 1607 718 1644 valde
748 1606 848 1644 utilia
869 1606 1086 1652 continens,
1099 1607 1199 1653 quod
1214 1604 1451 1645 inscribitur:

349 1677 650 1725 Betrachtungcn
674 1675 763 1712 iiber
787 1674 845 1712 die
875 1674 1102 1725 Philosophia
1129 1673 1195 1712 der
1228 1674 1459 1713 Natzirliche

348 1747 548 1796 Religion,
563 1745 711 1793 Lipsiae
724 1745 859 1783 editum
883 1755 938 1784 est
954 1771 967 1791 ,
985 1756 1018 1782 a.
1036 1746 1130 1791 1804
1147 1771 1159 1790 ‚
1176 1745 1318 1782 duabus
1346 1746 1459 1791 parti·

349 1817 422 1855 bus
431 1816 603 1854 divisum.
629 1815 688 1852 Ibi
703 1815 815 1862 enim,
827 1814 864 1852 in
877 1815 1036 1862 capitum
1051 1814 1289 1862 inscriptione
1307 1823 1342 1852 et
1354 1815 1461 1863 alibi,

350 1899 457 1935 saepe
479 1894 724 1924 memoratur:
752 1884 811 1923 dio
845 1885 1074 1922 Natarliche
1110 1884 1309 1934 Theo-logie.
1361 1885 1455 1923 Pos-

349 1967 432 2004 tea,
457 1958 554 2005 apud
587 1956 793 1994 Germanos
833 1955 1005 2002 quidem,
1035 1952 1150 2002 magis
1182 1955 1371 2003 magisque
1411 1954 1450 1994 in

349 2026 625 2066 desuetudinem
663 2025 753 2064 abiit
790 2024 1004 2072 disciplinae
1037 2035 1199 2070 nomen,
1238 2026 1366 2072 quod,
1405 2035 1450 2064 ex

349 2096 624 2147 disjunctione,
652 2104 693 2133 ut
717 2095 862 2133 videtur
878 2122 891 2142 ,
919 2094 1131 2144 Theologiae
1149 2094 1352 2132 Revelatae
1390 2107 1452 2134 or·

349 2176 456 2214 tum,
471 2166 515 2204 iis
532 2193 545 2214 ‚
572 2165 635 2212 qui
652 2166 761 2214 hujus
788 2166 923 2203 nullam
949 2176 1167 2213 magnopere
1191 2165 1366 2202 rationem
1390 2165 1453 2204 ha·

348 2238 499 2281 berem,
538 2236 640 2273 valde
666 2236 806 2283 placere
841 2246 918 2273 non
941 2242 1101 2283 poterat.
1166 2236 1289 2282 Atque
1315 2235 1449 2275 horum

346 2307 551 2355 exemplum
573 2306 664 2343 alios
701 2305 835 2351 etiam,
875 2314 916 2343 ut
950 2305 1255 2344 denominationis
1291 2307 1455 2346 vadimo-

345 2374 450 2416 nium
484 2374 710 2423 desererent,
751 2375 937 2414 induxisse
968 2375 1124 2414 videtur.
1177 2376 1230 2415 Ita
1261 2376 1321 2414 hle
1357 2387 1454 2424 quo·

1353 2457 1454 2497 que,

1539 1793 1560 2124 12-2Lu...2u.·u.z.m..4„
1555 1749 1560 1779 ..a
1557 1712 1560 1723 -
1555 1664 1560 1692 ..-
