1483 2860
422 181 860 264 JURIDICA,
1159 222 1201 251 u

93 324 149 363 cis
165 321 488 362 conventionibus
521 323 597 361 vim
631 320 824 372 obligandi
845 320 1064 359 tribuissent
1081 347 1095 367 ,
1119 330 1206 368 pac-

89 401 126 432 ta
160 394 342 432 nonnulla
366 406 388 432 a
420 394 593 432 Praetore
623 391 840 430 confirmata
873 389 984 438 sunt,
1023 399 1120 438 quae
1150 388 1206 427 di-

89 471 228 501 cuntur
256 463 380 502 Pacta
418 463 651 510 Praetoria,
676 463 737 501 vel
770 473 791 500 a
828 461 912 510 jure
945 460 1074 507 civili,
1112 470 1208 507 quae

84 531 264 572 dicuntur
285 533 491 584 Legitima.
532 533 641 572 Pacta
671 531 835 580 denique
857 542 952 580 quae
974 531 1096 569 bonae
1120 529 1207 568 fidei

84 602 343 642 contractibus
377 603 644 653 adjiciebantur
677 602 716 641 in
749 601 983 649 continenti,
1020 601 1207 640 actionem

84 683 132 711 ex
159 681 356 713 contractu
393 673 678 711 descendentem
722 672 883 712 formare
919 671 1031 711 nobis
1064 670 1207 710 constat

85 754 133 781 ex
156 743 185 783 1.
212 755 251 792 7.
280 744 318 793 §.
348 754 386 793 5.
414 743 458 783 ff.
487 744 534 782 de
557 742 697 794 pactis.

134 812 353 853 Praetor-um
381 824 520 853 munus
561 825 677 853 unum
708 825 729 852 e
762 813 893 863 paucis
923 820 1000 851 erat
1037 810 1209 861 gravissi·

86 895 214 924 mum:
244 895 340 932 quae
371 895 462 923 vero
493 884 697 923 auctoritas
731 884 771 923 in
808 883 870 922 illa
895 882 1056 922 maxime
1087 881 1209 920 cerni-

87 963 152 994 tur
182 952 361 993 facultate
386 956 491 1003 quod
519 954 766 1004 corrigendo,
794 953 1001 1003 supplendo
1037 960 1074 990 et
1103 952 1211 1001 adju-

85 1028 210 1067 vando
230 1028 326 1078 juris
350 1027 475 1066 civilis
497 1027 657 1076 rigorem
681 1027 873 1066 flecterent
900 1031 937 1061 et
961 1023 1007 1061 ad
1032 1018 1207 1071 maiorem

84 1098 307 1146 aequitatem
337 1099 675 1136 accommodarent.
729 1096 831 1135 Cum
863 1104 954 1132 vero
983 1094 1046 1144 jus
1075 1091 1111 1130 se
1131 1090 1210 1130 dic-

85 1174 195 1205 turos
221 1167 299 1207 esse
322 1166 422 1207 salvo
447 1177 551 1205 more
571 1167 750 1216 majorum
775 1163 1042 1215 profiterentur
1062 1162 1117 1211 (1.
1145 1173 1207 1200 ιι.

87 1235 134 1277 ff.
150 1237 205 1275 ¹de
217 1236 257 1287 J.
279 1245 316 1275 et
332 1237 391 1288 J.)
414 1235 554 1275 stabilis
587 1245 624 1274 et
652 1244 753 1274 certa
781 1233 893 1272 evafit
913 1231 1209 1283 jurisprudentia

86 1308 277 1347 Romana.
300 1308 370 1358 (1)
408 1307 495 1346 I-Ioc
523 1306 630 1346 etiam
656 1318 700 1344 ex
722 1304 893 1344 doctrina
917 1303 964 1341 de
989 1301 1209 1342 conventio-

85 1378 203 1418 nibus
222 1387 397 1427 apparet:
435 1378 589 1417 Praetor
612 1377 708 1416 enim
731 1375 891 1415 naturali
910 1373 1097 1422 aequitate
1119 1373 1211 1411 duc-

87 1457 151 1488 tus
181 1447 591 1497 edictum-proposuit,
619 1459 697 1496 quo
728 1445 766 1484 se
795 1454 903 1495 pacta
932 1452 1118 1483 conventa
1139 1443 1211 1482 ser-

86 1527 261 1558 vaturum
291 1518 368 1557 esse
403 1517 588 1568 promisit.
641 1517 820 1557 Edictum
859 1515 953 1554 illud
985 1514 1098 1553 nobis
1138 1513 1211 1553 ser-

88 1587 193 1627 vavit
211 1588 403 1637 Ulpianus
429 1588 468 1626 in
488 1590 518 1626 l.
543 1600 582 1637 7.
604 1591 643 1637 §.
664 1599 703 1635 7.
729 1586 772 1625 fs.
796 1587 842 1624 de
861 1586 1005 1636 pactis,
1031 1585 1082 1623 ait
1102 1585 1211 1624 Prae-

86 1666 172 1697 t0r=
194 1684 227 1706 ,‚
252 1657 364 1697 Pacta
389 1665 575 1696 conventa
595 1667 692 1705 quae
716 1667 840 1703 neque
861 1656 950 1694 dolo
968 1655 1066 1693 malo
1086 1665 1212 1701 neque

85 1727 261 1768 adversus
301 1729 431 1777 legeS,
474 1726 700 1775 Plebiscita‚
742 1727 854 1774 Scta‚
891 1726 1028 1764 Edicta
1070 1723 1212 1763 Princi-

86 1808 205 1849 pum,
230 1809 357 1847 neque
381 1809 459 1846 quo
483 1797 588 1838 fraus
611 1797 674 1835 cui
697 1808 824 1835 eorum
850 1796 941 1844 fiat,
965 1797 1062 1835 facta
1078 1804 1208 1842 erunt,

84 1867 288 1908 servabo.”
338 1868 428 1908 Fuit
467 1876 590 1907 autem
627 1869 720 1907 illud
759 1867 938 1907 Edictum
980 1879 1002 1905 a
1036 1867 1210 1906 Praetore

86 1939 321 1989 propositum
351 1940 397 1978 ad
420 1938 565 1988 Legum
610 1949 657 1978 12
696 1937 803 1977 tabb.
840 1937 1049 1987 angustiam
1076 1947 1211 1987 regun-

87 2005 175 2048 dam
209 2010 504 2058 laxandamque3
535 2009 605 2060 (2)
630 2008 681 2048 ita
705 2018 826 2048 tamen
852 2018 894 2047 ut
913 2019 1117 2057 numquam
1149 2019 1211 2046 ac-

34 2073 43 2081 ’
87 2079 227 2119 tionem
242 2109 256 2130 ‚
282 2079 344 2120 sed
366 2087 509 2119 tantum
534 2079 791 2130 exceptionem
818 2080 1067 2129 producerent
1086 2087 1207 2129 pacta.

249 2153 255 2163 “
1107 2149 1211 2188 Tan-

92 2255 99 2262 ·
128 2243 186 2282 (ι)
205 2245 257 2274 Cf.
281 2246 352 2275 den
373 2245 560 2282 Tcx,1.1.
583 2256 614 2283 p.
636 2249 671 2281 58
692 2254 723 2275 et
745 2249 792 2283 89-

74 2320 78 2321 ⁷
131 2304 186 2342 (2)
209 2302 280 2333 Via.
299 2302 461 2341 Noodt,
481 2305 518 2334 de
542 2305 639 2342 puetis
657 2314 685 2337 c.
706 2312 720 2334 ι
745 2311 775 2333 et
797 2308 826 2335 ό.
