1483 2860
149 150 207 188 m
370 128 1040 180 COMMENTATIO

153 243 299 284 acidum
355 240 654 292 phosphorieum
713 240 973 280 verosimiliter
1029 243 1268 290 repetendum

155 322 211 353 est
246 324 267 351 a
297 311 441 361 glutine
467 309 736 359 decompofito.
813 312 852 354 A
884 310 1002 360 priori
1036 311 1146 350 etiam
1181 323 1272 352 con-

155 384 303 422 cludere
336 381 566 431 possumus‚
607 380 696 417 haec
733 379 915 430 principia
949 379 1072 420 adesse
1109 380 1271 431 debere;

154 453 322 502 liquores
355 451 488 490 etenim
527 448 648 487 vinosi
682 458 704 486 e
737 451 849 487 malto
880 449 1045 489 confecti
1077 452 1271 491 continent

156 531 300 573 praeter
337 530 467 567 aquam
502 527 539 557 et
573 518 722 556 alcohol
761 518 871 557 etiam
911 520 1076 567 gummi,
1113 523 1270 571 gluten,

155 591 380 645 principium
411 588 599 636 quoddam
626 587 868 627 extractivum
894 587 1128 638 brunneum,
1154 591 1272 640 phos-

157 662 307 712 phatem
341 657 454 698 calcis
488 658 528 696 in
561 657 668 696 acido
696 657 836 697 acetico
863 667 900 700 et
932 659 1190 708 phosphorico
1215 660 1275 700 so·

160 733 282 770 lutum
302 728 445 776 aliaque
472 727 627 769 minoris
654 728 833 769 momenti
850 727 1060 777 principia,
1075 742 1169 778 quae
1193 740 1276 768 om-

163 801 249 848 nia,
279 807 424 849 praeter
454 797 604 836 alcohol
618 825 633 846 ‚
655 797 848 841 immutata
873 798 912 839 in
935 806 1040 839 aceto
1063 810 1083 837 e
1106 799 1277 839 cerevifia

162 868 287 909 adesse
320 869 457 907 debent
485 868 544 917 1).

211 938 368 978 Acetum
393 951 413 976 e
432 937 642 988 fructibus.
695 937 783 977 Hoc
818 948 897 976 non
918 946 994 977 tam
1025 940 1141 978 multa
1175 940 1279 990 prin-

160 1009 260 1060 cipia
288 1007 480 1059 peregrina
516 1007 708 1046 continere
735 1007 899 1047 videtur.
959 1009 1280 1059 Quemadmodum

163 1079 260 1119 enim
291 1078 331 1117 in
366 1077 477 1116 succo
505 1089 702 1127 pomorum
739 1086 778 1117 et
806 1090 987 1128 pyrorum
1021 1080 1281 1118 tantummodo

166 1148 296 1189 adsunt
310 1159 406 1197 aqua
422 1176 435 1197 ‚
462 1148 697 1195 saccharum,
717 1146 888 1187 fermenti
911 1149 1088 1197 quaedam
1113 1149 1279 1197 species,

163 1229 296 1269 magna
331 1217 565 1267 mucilaginis
600 1218 815 1266 quantitas,
841 1219 1066 1268 principium
1094 1220 1283 1268 quoddam

165 1287 410 1329 extractivum
433 1316 448 1336 ‚
498 1288 643 1327 acidum
690 1289 864 1327 malicum
904 1298 940 1327 et
984 1289 1128 1328 acidum
1171 1290 1284 1328 aceti-

164 1369 252 1401 cum
279 1357 352 1406 2),
388 1357 438 1396 fic
471 1357 578 1396 etiam
605 1358 643 1397 in
677 1366 782 1397 aceto
818 1367 854 1398 et
897 1360 968 1398 hoc
1002 1358 1113 1398 succo
1152 1369 1282 1408 parato

165 1428 424 1470 tantummodo
451 1426 640 1469 invenitur
657 1439 778 1476 aqua,
805 1428 949 1473 acidum
971 1428 1175 1478 aceticum‚
1203 1441 1286 1468 mu.

167 1498 318 1546 cilago,
344 1497 568 1546 principium
599 1497 844 1536 extractivum
869 1507 905 1535 et
927 1509 1056 1547 magna
1080 1511 1165 1547 pars
1192 1500 1288 1540 acidi

171 1565 294 1610 malici
321 1566 394 1614 3);
421 1565 633 1605 saccharum
664 1565 759 1605 enim
786 1566 825 1607 in
851 1567 916 1608 illo
936 1566 1045 1606 succo
1066 1577 1285 1610 contentum

172 1633 240 1678 sub
264 1633 406 1674 acetosa
430 1634 716 1681 fermentatione
746 1636 908 1684 primum
937 1636 974 1677 in
998 1639 1146 1678 alcohol
1170 1650 1290 1679 muta-

174 1714 265 1754 tur,
318 1705 420 1753 quod
458 1706 608 1750 alcohol
652 1706 737 1748 dein
773 1706 811 1748 in
850 1707 995 1750 acidum
1035 1708 1213 1752 aceticum
1250 1720 1288 1750 et

1156 1791 1290 1829 aquam

178 1910 334 1947 Anzeiger
353 1913 559 1947 aufgestellten
581 1913 672 1949 Frage
696 1913 746 1943 die
776 1913 973 1949 wein-esfig
1001 1914 1215 1949 verfalschung
1236 1915 1290 1944 bc·

177 1968 320 2006 trefl'entl.
340 1970 454 1999 Reichs
471 1970 641 2007 Anzeiger‚
661 1971 717 2000 ΑΟ.
742 1975 824 2006 1805.
849 1971 909 2000 NV.
931 1981 979 2008 47.
1002 1980 1070 2007 pag.
1093 1974 1146 2005 585
1168 1972 1232 2008 seq‚

220 2024 253 2059 ι)
274 2027 512 2063 nennius,
533 2027 588 2057 lib.
610 2029 633 2057 Ι.
658 2029 739 2056 Band
760 2029 819 2057 111.
842 2028 936 2057 Abth.
960 2029 999 2057 11.
1019 2036 1087 2063 pag.
1110 2032 1166 2065 956
1186 2029 1252 2065 seqq

211 2084 247 2125 2)
267 2085 312 2119 M.
335 2085 488 2120 orfila,
507 2086 605 2115 Elem.
629 2085 666 2113 de
687 2084 820 2121 chimie,
842 2086 930 2114 Torn.
950 2085 992 2114 11.
1012 2093 1080 2120 pag.
1094 2093 1148 2121 372
1169 2092 1200 2114 et
1218 2095 1286 2121 373.

223 2141 257 2176 3)
280 2140 371 2168 Conf.
393 2142 566 2176 Namnet,
596 2142 665 2170 dans
687 2143 714 2170 le
738 2141 821 2177 Dict.
846 2143 898 2170 des
920 2142 959 2177 sc.
983 2142 1112 2178 medic„
1141 2143 1232 2172 Tom.
1262 2143 1289 2181 1,,

184 2197 251 2236 ΑΒ,
272 2198 353 2235 aeid.
373 2205 453 2236 pret,
