1524 2850
366 306 902 356 ORATIO.
1136 307 1194 352 19

74 442 252 488 metallis
303 443 607 501 conjungendis
659 450 699 487 et
753 442 1011 501 depurandis
1027 473 1040 495 ‚
1101 441 1195 486 aliis

74 524 163 564 non
194 526 300 564 *sunt
337 520 575 565 necessaria
589 552 602 573 ,
634 520 708 577 qui
741 520 845 564 telas
884 519 1013 565 variis
1041 518 1198 563 inbue-

74 611 123 640 re
161 597 378 641 coloribus
415 598 598 660 student.
674 597 732 641 Et
772 612 873 641 sane
911 596 1079 656 saepius
1119 611 1201 639 au-

74 673 234 719 ditores
264 673 452 735 ·impensi
481 674 684 734 temporis
727 681 768 718 et
809 688 966 733 operae
1003 672 1202 733 poenite-

74 758 165 806 ret,
224 751 261 796 si
286 766 434 796 omnes
474 752 662 796 chemiae
701 758 870 810 partes,
915 750 1064 794 eodem
1104 764 1202 793 cum

73 827 126 872 iis
157 835 365 873 tractares
409 828 553 873 modo.
617 829 766 885 Itaque
821 827 953 872 satius
1006 827 1202 882 videtur,

76 913 176 964 post
215 905 453 950 breviorem
493 907 778 964 cujuscunque
828 904 1023 964 corporis
1067 918 1207 963 expo-

76 981 271 1044 sitionem
288 1015 300 1036 ‚
346 982 565 1041 speciatim
604 982 655 1026 de
697 996 747 1025 eo
798 982 937 1026 denuo
974 997 1126 1041 agere,
1168 980 1205 1026 si

76 1057 122 1101 in
161 1059 313 1103 artium
347 1075 448 1103 usus
481 1059 734 1103 adhibeatur
749 1091 761 1112 ‚
794 1067 835 1103 et
871 1058 941 1102 hic
977 1058 1120 1103 omnia
1147 1059 1205 1102 il-

76 1137 117 1180 la
146 1151 358 1195 exponere
373 1169 386 1190 ,
413 1137 638 1193 multisque
662 1137 864 1180 institutis
907 1136 1205 1195 experimentis

30 1255 33 1258 ,
77 1213 361 1266 confirmare,
395 1229 503 1270 quae
535 1214 588 1256 ad
618 1214 852 1272 perfectam
898 1213 1102 1270 ejusmodi
1132 1229 1208 1258 ara

77 1290 131 1335 tis
160 1291 453 1335 tractationem
482 1290 708 1349 pertinent.
753 1290 817 1333 Im
844 1297 1072 1349 postquam
1101 1291 1208 1335 bre-

77 1367 185 1413 viter
224 1375 364 1412 actum
400 1368 478 1411 erit
517 1368 568 1411 de
604 1367 885 1421 materiebus,
918 1383 1027 1425 quae
1063 1367 1107 1411 in
1131 1383 1207 1412 ar·-

78 1453 119 1490 te
158 1445 349 1504 tingendi
388 1444 432 1488 in
474 1459 625 1503 genere
671 1444 956 1499 adhibentur,
1001 1453 1089 1490 tum
1126 1445 1207 1490 de-

77 1538 193 1566 mum
229 1521 550 1580 progredieumr
577 1522 632 1565 ad
671 1521 803 1581 ipsius
845 1523 948 1567 artis
984 1523 1207 1567 tinctori'ae

78 1597 291 1657 principia
343 1599 618 1656 exponenda,
676 1606 716 1643 et
769 1599 946 1643 seorsim
997 1601 1209 1658 agendum

80 1675 134 1720 dc
169 1674 339 1732 singulis
377 1690 485 1731 quae
514 1675 583 1718 hic
613 1675 657 1718 in
697 1690 864 1720 sensum
900 1676 1068 1721 veniunt
1088 1661 1209 1722 >cor-

79 1752 285 1819 por'ibus3
315 1751 374 1796 ita
401 1760 446 1796 ut
475 1753 759 1809 cujuscunque
801 1754 998 1813 corporis
1039 1754 1083 1798 in
1127 1754 1211 1798 hac

82 1837 172 1875 arte
214 1816 341 1883 usus,
387 1829 559 1887 ejusque
603 1830 832 1875 adhibendi
870 1831 1050 1885 modus,
1106 1831 1231 1876 satis‘

20 1948 28 1955 .
49 1929 53 1931 ’
81 1907 406 1954 demonstretur.

35 2015 42 2024 -
94 2020 98 2023 v
140 1984 230 2031 Sed
267 1993 313 2030 ut
357 1985 597 2030 auditorum
625 1985 671 2029 in
713 1985 795 2029 hac
837 1986 1099 2030 institutione
1136 2000 1213 2030 re·-

84 2062 303 2122 spieienda
360 2071 422 2107 est
487 2063 713 2123 peculimis
777 2063 967 2108 conditio
994 2097 1007 2117 ‚
1065 2063 1124 2107 ita
1173 2070 1215 2108 et

84 2139 275 2185 locorum
317 2148 358 2185 et
410 2148 652 2201 temporum
694 2141 803 2185 ratio
853 2141 1052 2186 habenda
1089 2141 1214 2186 vide-

87 2223 172 2261 tur.
208 2218 343 2263 2Nam
399 2234 506 2276 quae
543 2219 631 2263 huc
666 2219 880 2279 pertinent
921 2218 1061 2262 omnia
1077 2234 1105 2272 ρ
1132 2232 1214 2273 ne÷

89 2308 177 2351 que·
230 2295 400 2354 singulis
467 2297 693 2344 convenire
740 2296 984 2356 regionibus
1010 2327 1025 2353 ‚
1062 2295 1214 2351 ’neque

92 2402 100 2407 .
150 2391 154 2397 ,
610 2375 645 2418 Β
678 2378 707 2417 2
1112 2384 1212 2415 om·-
