<?xml version="1.0" encoding="UTF-8"?>
<!DOCTYPE html PUBLIC "-//W3C//DTD XHTML 1.0 Transitional//EN"
    "http://www.w3.org/TR/xhtml1/DTD/xhtml1-transitional.dtd">
<html xmlns="http://www.w3.org/1999/xhtml" xml:lang="en" lang="en">
 <head>
  <title>
</title>
<meta http-equiv="Content-Type" content="text/html;charset=utf-8" />
  <meta name='ocr-system' content='tesseract 3.04.00' />
  <meta name='ocr-capabilities' content='ocr_page ocr_carea ocr_par ocr_line ocrx_word'/>
</head>
<body>
  <div class='ocr_page' id='page_1' title='image "annalesacademiae29acad_0581.png"; bbox 0 0 1483 2860; ppageno 0'>
   <div class='ocr_carea' id='block_1_1' title="bbox 393 258 1198 308">
    <p class='ocr_par' dir='ltr' id='par_1_1' title="bbox 393 258 1198 308">
     <span class='ocr_line' id='line_1_1' title="bbox 393 258 1198 308; baseline -0.02 1"><span class='ocrx_word' id='word_1_1' title='bbox 393 260 896 308; x_wconf 56' lang='lat' dir='ltr'>LrTssRaarm</span> <span class='ocrx_word' id='word_1_2' title='bbox 1127 258 1198 303; x_wconf 62' lang='grc' dir='ltr'>ιω</span> 
     </span>
    </p>
   </div>
   <div class='ocr_carea' id='block_1_2' title="bbox 84 361 1229 2108">
    <p class='ocr_par' dir='ltr' id='par_1_2' title="bbox 84 361 1203 1122">
     <span class='ocr_line' id='line_1_2' title="bbox 85 361 1199 429; baseline -0.024 -5"><span class='ocrx_word' id='word_1_3' title='bbox 85 394 171 429; x_wconf 64' lang='lat' dir='ltr'>tum:</span> <span class='ocrx_word' id='word_1_4' title='bbox 199 392 318 421; x_wconf 88' lang='lat' dir='ltr'>rerum</span> <span class='ocrx_word' id='word_1_5' title='bbox 349 379 499 418; x_wconf 84' lang='lat' dir='ltr'>statum·</span> <span class='ocrx_word' id='word_1_6' title='bbox 520 373 755 413; x_wconf 84' lang='lat' dir='ltr'>reficiendum</span> <span class='ocrx_word' id='word_1_7' title='bbox 791 371 829 407; x_wconf 87' lang='lat' dir='ltr'>in</span> <span class='ocrx_word' id='word_1_8' title='bbox 864 365 1032 413; x_wconf 82' lang='lat' dir='ltr'><strong>Belgium</strong></span> <span class='ocrx_word' id='word_1_9' title='bbox 1069 361 1199 400; x_wconf 84' lang='lat' dir='ltr'>missus</span> 
     </span>
     <span class='ocr_line' id='line_1_3' title="bbox 87 434 1199 498; baseline -0.023 -5"><span class='ocrx_word' id='word_1_10' title='bbox 87 452 192 498; x_wconf 76' lang='lat' dir='ltr'>esset.</span> <span class='ocrx_word' id='word_1_11' title='bbox 245 452 320 490; x_wconf 88' lang='lat' dir='ltr'>Hic</span> <span class='ocrx_word' id='word_1_12' title='bbox 355 448 480 494; x_wconf 73' lang='lat' dir='ltr'>enirn,</span> <span class='ocrx_word' id='word_1_13' title='bbox 519 443 581 482; x_wconf 89' lang='lat' dir='ltr'>etfi</span> <span class='ocrx_word' id='word_1_14' title='bbox 623 439 843 481; x_wconf 76' lang='lat' dir='ltr'>concordiae</span> <span class='ocrx_word' id='word_1_15' title='bbox 884 446 920 474; x_wconf 90' lang='lat' dir='ltr'>et</span> <span class='ocrx_word' id='word_1_16' title='bbox 958 434 1059 484; x_wconf 88' lang='lat' dir='ltr'>pacis</span> <span class='ocrx_word' id='word_1_17' title='bbox 1098 443 1199 470; x_wconf 86' lang='lat' dir='ltr'>amo·</span> 
     </span>
     <span class='ocr_line' id='line_1_4' title="bbox 92 501 1200 565; baseline -0.023 -2"><span class='ocrx_word' id='word_1_18' title='bbox 92 536 166 563; x_wconf 87' lang='lat' dir='ltr'>rem</span> <span class='ocrx_word' id='word_1_19' title='bbox 214 521 432 565; x_wconf 77' lang='lat' dir='ltr'>simularet,</span> <span class='ocrx_word' id='word_1_20' title='bbox 485 517 621 562; x_wconf 76' lang='lat' dir='ltr'>majora</span> <span class='ocrx_word' id='word_1_21' title='bbox 673 511 796 550; x_wconf 87' lang='lat' dir='ltr'>animo</span> <span class='ocrx_word' id='word_1_22' title='bbox 849 506 1008 556; x_wconf 76' lang='lat' dir='ltr'>agitabat</span> <span class='ocrx_word' id='word_1_23' title='bbox 1050 501 1200 540; x_wconf 67' lang='lat' dir='ltr'>consilia</span> 
     </span>
     <span class='ocr_line' id='line_1_5' title="bbox 84 570 1201 642; baseline -0.024 -8"><span class='ocrx_word' id='word_1_24' title='bbox 84 602 231 642; x_wconf 78' lang='lat' dir='ltr'>atque,</span> <span class='ocrx_word' id='word_1_25' title='bbox 275 590 394 639; x_wconf 86' lang='lat' dir='ltr'>lelgis</span> <span class='ocrx_word' id='word_1_26' title='bbox 432 587 685 634; x_wconf 79' lang='lat' dir='ltr'>Hispanorum</span> <span class='ocrx_word' id='word_1_27' title='bbox 722 579 906 618; x_wconf 85' lang='lat' dir='ltr'>illimitato</span> <span class='ocrx_word' id='word_1_28' title='bbox 934 573 1088 623; x_wconf 89' lang='lat' dir='ltr'>imperio</span> <span class='ocrx_word' id='word_1_29' title='bbox 1117 570 1201 608; x_wconf 84' lang='lat' dir='ltr'>sub-</span> 
     </span>
     <span class='ocr_line' id='line_1_6' title="bbox 86 640 1203 715; baseline -0.025 -11"><span class='ocrx_word' id='word_1_30' title='bbox 86 664 282 715; x_wconf 81' lang='lat' dir='ltr'>jiciendis,</span> <span class='ocrx_word' id='word_1_31' title='bbox 328 658 572 698; x_wconf 81' lang='lat' dir='ltr'>immortalem</span> <span class='ocrx_word' id='word_1_32' title='bbox 617 652 684 692; x_wconf 88' lang='lat' dir='ltr'>fibi</span> <span class='ocrx_word' id='word_1_33' title='bbox 727 649 879 700; x_wconf 84' lang='lat' dir='ltr'>gloriam</span> <span class='ocrx_word' id='word_1_34' title='bbox 928 655 1054 694; x_wconf 87' lang='lat' dir='ltr'>parare</span> <span class='ocrx_word' id='word_1_35' title='bbox 1100 640 1203 689; x_wconf 82' lang='lat' dir='ltr'>cogi-</span> 
     </span>
     <span class='ocr_line' id='line_1_7' title="bbox 89 719 1195 775; baseline -0.024 -2"><span class='ocrx_word' id='word_1_36' title='bbox 89 733 202 773; x_wconf 82' lang='lat' dir='ltr'>tabat.</span> <span class='ocrx_word' id='word_1_37' title='bbox 279 732 383 770; x_wconf 83' lang='lat' dir='ltr'>Pacis</span> <span class='ocrx_word' id='word_1_38' title='bbox 433 727 515 775; x_wconf 87' lang='lat' dir='ltr'>spes</span> <span class='ocrx_word' id='word_1_39' title='bbox 550 724 714 762; x_wconf 85' lang='lat' dir='ltr'>omnium</span> <span class='ocrx_word' id='word_1_40' title='bbox 757 719 899 758; x_wconf 88' lang='lat' dir='ltr'>animos</span> <span class='ocrx_word' id='word_1_41' title='bbox 937 720 1195 761; x_wconf 88' lang='lat' dir='ltr'>occupaverat.</span> 
     </span>
     <span class='ocr_line' id='line_1_8' title="bbox 90 783 1195 850; baseline -0.024 -7"><span class='ocrx_word' id='word_1_42' title='bbox 90 804 258 850; x_wconf 84' lang='lat' dir='ltr'>Tempus</span> <span class='ocrx_word' id='word_1_43' title='bbox 284 798 409 839; x_wconf 89' lang='lat' dir='ltr'>adesse</span> <span class='ocrx_word' id='word_1_44' title='bbox 431 795 653 840; x_wconf 81' lang='lat' dir='ltr'>videbatur,</span> <span class='ocrx_word' id='word_1_45' title='bbox 682 802 757 839; x_wconf 90' lang='lat' dir='ltr'>quo</span> <span class='ocrx_word' id='word_1_46' title='bbox 788 799 896 826; x_wconf 89' lang='lat' dir='ltr'>omne</span> <span class='ocrx_word' id='word_1_47' title='bbox 918 783 1085 832; x_wconf 85' lang='lat' dir='ltr'>Belgium</span> <span class='ocrx_word' id='word_1_48' title='bbox 1110 791 1195 818; x_wconf 85' lang='lat' dir='ltr'>cum</span> 
     </span>
     <span class='ocr_line' id='line_1_9' title="bbox 88 851 1200 920; baseline -0.023 -8"><span class='ocrx_word' id='word_1_49' title='bbox 88 883 189 920; x_wconf 61' lang='lat' dir='ltr'>rege&gt;</span> <span class='ocrx_word' id='word_1_50' title='bbox 208 869 505 912; x_wconf 80' lang='lat' dir='ltr'>reconciliaretur</span> <span class='ocrx_word' id='word_1_51' title='bbox 539 873 575 902; x_wconf 89' lang='lat' dir='ltr'>et</span> <span class='ocrx_word' id='word_1_52' title='bbox 601 863 645 903; x_wconf 86' lang='lat' dir='ltr'>ad</span> <span class='ocrx_word' id='word_1_53' title='bbox 672 859 864 910; x_wconf 82' lang='lat' dir='ltr'>pristinam</span> <span class='ocrx_word' id='word_1_54' title='bbox 905 856 1053 894; x_wconf 86' lang='lat' dir='ltr'>salutem</span> <span class='ocrx_word' id='word_1_55' title='bbox 1093 851 1200 889; x_wconf 84' lang='lat' dir='ltr'>redu·</span> 
     </span>
     <span class='ocr_line' id='line_1_10' title="bbox 91 920 1203 979; baseline -0.021 1"><span class='ocrx_word' id='word_1_56' title='bbox 91 949 250 979; x_wconf 89' lang='lat' dir='ltr'>ceretur.</span> <span class='ocrx_word' id='word_1_57' title='bbox 305 941 362 978; x_wconf 89' lang='lat' dir='ltr'>De</span> <span class='ocrx_word' id='word_1_58' title='bbox 394 935 504 974; x_wconf 91' lang='lat' dir='ltr'>novis</span> <span class='ocrx_word' id='word_1_59' title='bbox 542 931 810 971; x_wconf 84' lang='lat' dir='ltr'>calamitatibus</span> <span class='ocrx_word' id='word_1_60' title='bbox 852 937 963 965; x_wconf 87' lang='lat' dir='ltr'>nemo</span> <span class='ocrx_word' id='word_1_61' title='bbox 1001 923 1076 961; x_wconf 85' lang='lat' dir='ltr'>fere</span> <span class='ocrx_word' id='word_1_62' title='bbox 1104 920 1203 959; x_wconf 88' lang='lat' dir='ltr'>solli-</span> 
     </span>
     <span class='ocr_line' id='line_1_11' title="bbox 92 991 1201 1056; baseline -0.019 -7"><span class='ocrx_word' id='word_1_63' title='bbox 92 1012 190 1051; x_wconf 84' lang='lat' dir='ltr'>citus</span> <span class='ocrx_word' id='word_1_64' title='bbox 224 1018 322 1056; x_wconf 86' lang='lat' dir='ltr'>erat,</span> <span class='ocrx_word' id='word_1_65' title='bbox 367 1008 412 1045; x_wconf 88' lang='lat' dir='ltr'>de</span> <span class='ocrx_word' id='word_1_66' title='bbox 450 1002 588 1042; x_wconf 87' lang='lat' dir='ltr'>recenti</span> <span class='ocrx_word' id='word_1_67' title='bbox 625 1009 768 1040; x_wconf 85' lang='lat' dir='ltr'>tantum</span> <span class='ocrx_word' id='word_1_68' title='bbox 809 1008 929 1035; x_wconf 87' lang='lat' dir='ltr'>rerum</span> <span class='ocrx_word' id='word_1_69' title='bbox 963 991 1201 1033; x_wconf 78' lang='lat' dir='ltr'>conversione</span> 
     </span>
     <span class='ocr_line' id='line_1_12' title="bbox 94 1066 1108 1122; baseline -0.019 -1"><span class='ocrx_word' id='word_1_70' title='bbox 94 1092 221 1122; x_wconf 86' lang='lat' dir='ltr'>ornnes</span> <span class='ocrx_word' id='word_1_71' title='bbox 258 1077 484 1117; x_wconf 84' lang='lat' dir='ltr'>laetabantur</span> <span class='ocrx_word' id='word_1_72' title='bbox 509 1083 546 1112; x_wconf 89' lang='lat' dir='ltr'>et</span> <span class='ocrx_word' id='word_1_73' title='bbox 567 1071 791 1120; x_wconf 77' lang='lat' dir='ltr'>reipublicae</span> <span class='ocrx_word' id='word_1_74' title='bbox 820 1066 1108 1116; x_wconf 82' lang='lat' dir='ltr'>gratulabantur.</span> 
     </span>
    </p>

    <p class='ocr_par' dir='ltr' id='par_1_3' title="bbox 92 1133 1220 1538">
     <span class='ocr_line' id='line_1_13' title="bbox 145 1133 1220 1200; baseline -0.021 -10"><span class='ocrx_word' id='word_1_75' title='bbox 145 1149 372 1200; x_wconf 86' lang='lat' dir='ltr'>Hujusmodi</span> <span class='ocrx_word' id='word_1_76' title='bbox 406 1145 556 1184; x_wconf 87' lang='lat' dir='ltr'>somniis</span> <span class='ocrx_word' id='word_1_77' title='bbox 580 1143 814 1189; x_wconf 84' lang='lat' dir='ltr'>indulgentes</span> <span class='ocrx_word' id='word_1_78' title='bbox 838 1139 966 1184; x_wconf 84' lang='lat' dir='ltr'>Belgas</span> <span class='ocrx_word' id='word_1_79' title='bbox 1002 1133 1110 1172; x_wconf 89' lang='lat' dir='ltr'>facile</span> <span class='ocrx_word' id='word_1_80' title='bbox 1143 1133 1220 1170; x_wconf 89' lang='lat' dir='ltr'>de-.</span> 
     </span>
     <span class='ocr_line' id='line_1_14' title="bbox 92 1204 1203 1270; baseline -0.02 -10"><span class='ocrx_word' id='word_1_81' title='bbox 92 1222 215 1270; x_wconf 80' lang='lat' dir='ltr'>cipere</span> <span class='ocrx_word' id='word_1_82' title='bbox 269 1225 414 1266; x_wconf 87' lang='lat' dir='ltr'>poterat</span> <span class='ocrx_word' id='word_1_83' title='bbox 464 1212 710 1254; x_wconf 83' lang='lat' dir='ltr'>Austriac</span> <span class='ocrx_word' id='word_1_84' title='bbox 727 1221 782 1247; x_wconf 83' lang='lat' dir='ltr'>us</span> <span class='ocrx_word' id='word_1_85' title='bbox 808 1236 821 1255; x_wconf 83' lang='lat'><strong>‚</strong></span> <span class='ocrx_word' id='word_1_86' title='bbox 883 1204 1151 1244; x_wconf 87' lang='lat' dir='ltr'>Gulielmu</span> <span class='ocrx_word' id='word_1_87' title='bbox 1168 1214 1203 1239; x_wconf 89' lang='lat' dir='ltr'>m</span> 
     </span>
     <span class='ocr_line' id='line_1_15' title="bbox 93 1272 1209 1337; baseline -0.02 -8"><span class='ocrx_word' id='word_1_88' title='bbox 93 1296 350 1337; x_wconf 80' lang='lat' dir='ltr'>non-poterat.</span> <span class='ocrx_word' id='word_1_89' title='bbox 392 1285 463 1323; x_wconf 86' lang='lat' dir='ltr'>Hic</span> <span class='ocrx_word' id='word_1_90' title='bbox 490 1283 586 1321; x_wconf 87' lang='lat' dir='ltr'>enim</span> <span class='ocrx_word' id='word_1_91' title='bbox 611 1281 655 1318; x_wconf 86' lang='lat' dir='ltr'>ab</span> <span class='ocrx_word' id='word_1_92' title='bbox 684 1276 792 1316; x_wconf 87' lang='lat' dir='ltr'>initio</span> <span class='ocrx_word' id='word_1_93' title='bbox 819 1272 1085 1314; x_wconf 83' lang='lat' dir='ltr'>Austriaci</span> <span class='ocrx_word' id='word_1_94' title='bbox 1107 1281 1209 1309; x_wconf 86' lang='lat' dir='ltr'>men·</span> 
     </span>
     <span class='ocr_line' id='line_1_16' title="bbox 98 1341 1211 1403; baseline -0.019 -5"><span class='ocrx_word' id='word_1_95' title='bbox 98 1369 170 1398; x_wconf 88' lang='lat' dir='ltr'>tem</span> <span class='ocrx_word' id='word_1_96' title='bbox 193 1359 287 1396; x_wconf 80' lang='lat' dir='ltr'>clare</span> <span class='ocrx_word' id='word_1_97' title='bbox 311 1354 494 1403; x_wconf 82' lang='lat' dir='ltr'>perspexit</span> <span class='ocrx_word' id='word_1_98' title='bbox 511 1381 523 1400; x_wconf 90' lang='lat'><strong>‚</strong></span> <span class='ocrx_word' id='word_1_99' title='bbox 552 1351 718 1389; x_wconf 86' lang='lat' dir='ltr'>occultas</span> <span class='ocrx_word' id='word_1_100' title='bbox 734 1376 747 1395; x_wconf 80' lang='lat'>,</span> <span class='ocrx_word' id='word_1_101' title='bbox 773 1358 866 1394; x_wconf 91' lang='lat' dir='ltr'>quae</span> <span class='ocrx_word' id='word_1_102' title='bbox 880 1343 1110 1382; x_wconf 87' lang='lat' dir='ltr'>struebantur</span> <span class='ocrx_word' id='word_1_103' title='bbox 1126 1369 1139 1389; x_wconf 84' lang='lat'><strong>‚</strong></span> <span class='ocrx_word' id='word_1_104' title='bbox 1155 1341 1211 1378; x_wconf 91' lang='lat' dir='ltr'>in-</span> 
     </span>
     <span class='ocr_line' id='line_1_17' title="bbox 103 1410 1214 1469; baseline -0.018 -1"><span class='ocrx_word' id='word_1_105' title='bbox 103 1428 210 1468; x_wconf 78' lang='lat' dir='ltr'>sidias</span> <span class='ocrx_word' id='word_1_106' title='bbox 236 1427 342 1465; x_wconf 83' lang='lat' dir='ltr'>facile</span> <span class='ocrx_word' id='word_1_107' title='bbox 375 1423 539 1469; x_wconf 83' lang='lat' dir='ltr'>detexit,</span> <span class='ocrx_word' id='word_1_108' title='bbox 578 1430 698 1467; x_wconf 85' lang='lat' dir='ltr'>neque</span> <span class='ocrx_word' id='word_1_109' title='bbox 737 1418 891 1466; x_wconf 89' lang='lat' dir='ltr'>patriam</span> <span class='ocrx_word' id='word_1_110' title='bbox 931 1415 1042 1464; x_wconf 84' lang='lat' dir='ltr'>hujus</span> <span class='ocrx_word' id='word_1_111' title='bbox 1076 1410 1214 1450; x_wconf 86' lang='lat' dir='ltr'>machi-</span> 
     </span>
     <span class='ocr_line' id='line_1_18' title="bbox 104 1486 857 1538; baseline -0.021 0"><span class='ocrx_word' id='word_1_112' title='bbox 104 1497 318 1538; x_wconf 86' lang='lat' dir='ltr'>nationibus</span> <span class='ocrx_word' id='word_1_113' title='bbox 350 1490 607 1531; x_wconf 88' lang='lat' dir='ltr'>circumveniri</span> <span class='ocrx_word' id='word_1_114' title='bbox 635 1486 761 1537; x_wconf 87' lang='lat' dir='ltr'>passus</span> <span class='ocrx_word' id='word_1_115' title='bbox 786 1495 857 1523; x_wconf 87' lang='lat' dir='ltr'>est.</span> 
     </span>
    </p>

    <p class='ocr_par' dir='ltr' id='par_1_4' title="bbox 105 1545 1224 2037">
     <span class='ocr_line' id='line_1_19' title="bbox 156 1545 1224 1612; baseline -0.019 -5"><span class='ocrx_word' id='word_1_116' title='bbox 156 1569 294 1609; x_wconf 84' lang='lat' dir='ltr'>Interea</span> <span class='ocrx_word' id='word_1_117' title='bbox 311 1594 323 1612; x_wconf 84' lang='lat'><strong>‚</strong></span> <span class='ocrx_word' id='word_1_118' title='bbox 351 1563 455 1612; x_wconf 85' lang='lat' dir='ltr'>quod</span> <span class='ocrx_word' id='word_1_119' title='bbox 478 1561 630 1600; x_wconf 89' lang='lat' dir='ltr'>dabatur</span> <span class='ocrx_word' id='word_1_120' title='bbox 648 1586 661 1606; x_wconf 83' lang='lat'><strong>,</strong></span> <span class='ocrx_word' id='word_1_121' title='bbox 688 1558 805 1595; x_wconf 89' lang='lat' dir='ltr'>otium</span> <span class='ocrx_word' id='word_1_122' title='bbox 839 1554 989 1593; x_wconf 88' lang='lat' dir='ltr'>minime</span> <span class='ocrx_word' id='word_1_123' title='bbox 1025 1545 1188 1600; x_wconf 82' lang='lat' dir='ltr'>neglexit</span> <span class='ocrx_word' id='word_1_124' title='bbox 1202 1577 1224 1600; x_wconf 15' lang='lat' dir='ltr'>,b</span> 
     </span>
     <span class='ocr_line' id='line_1_20' title="bbox 105 1620 1214 1680; baseline -0.02 -2"><span class='ocrx_word' id='word_1_125' title='bbox 105 1639 166 1679; x_wconf 85' lang='lat' dir='ltr'>sed</span> <span class='ocrx_word' id='word_1_126' title='bbox 191 1646 336 1676; x_wconf 89' lang='lat' dir='ltr'>omnem</span> <span class='ocrx_word' id='word_1_127' title='bbox 364 1643 512 1680; x_wconf 86' lang='lat' dir='ltr'>operam</span> <span class='ocrx_word' id='word_1_128' title='bbox 535 1627 743 1677; x_wconf 77' lang='lat' dir='ltr'>impendit,</span> <span class='ocrx_word' id='word_1_129' title='bbox 773 1633 812 1663; x_wconf 89' lang='lat' dir='ltr'>ut</span> <span class='ocrx_word' id='word_1_130' title='bbox 844 1625 956 1662; x_wconf 87' lang='lat' dir='ltr'>urbes</span> <span class='ocrx_word' id='word_1_131' title='bbox 997 1620 1123 1660; x_wconf 78' lang='lat' dir='ltr'>amisas</span> <span class='ocrx_word' id='word_1_132' title='bbox 1158 1632 1214 1657; x_wconf 88' lang='lat' dir='ltr'>re-</span> 
     </span>
     <span class='ocr_line' id='line_1_21' title="bbox 105 1692 1218 1757; baseline -0.02 -9"><span class='ocrx_word' id='word_1_133' title='bbox 105 1714 322 1757; x_wconf 84' lang='lat' dir='ltr'>cuperaret,</span> <span class='ocrx_word' id='word_1_134' title='bbox 349 1703 459 1749; x_wconf 84' lang='lat' dir='ltr'>seque</span> <span class='ocrx_word' id='word_1_135' title='bbox 484 1699 657 1738; x_wconf 88' lang='lat' dir='ltr'>omnibus</span> <span class='ocrx_word' id='word_1_136' title='bbox 686 1695 831 1733; x_wconf 90' lang='lat' dir='ltr'>viribus</span> <span class='ocrx_word' id='word_1_137' title='bbox 857 1703 985 1731; x_wconf 86' lang='lat' dir='ltr'>contra</span> <span class='ocrx_word' id='word_1_138' title='bbox 1012 1692 1139 1728; x_wconf 87' lang='lat' dir='ltr'>hostes</span> <span class='ocrx_word' id='word_1_139' title='bbox 1162 1699 1218 1726; x_wconf 86' lang='lat' dir='ltr'>ar-</span> 
     </span>
     <span class='ocr_line' id='line_1_22' title="bbox 110 1762 1221 1820; baseline -0.021 -2"><span class='ocrx_word' id='word_1_140' title='bbox 110 1787 240 1819; x_wconf 86' lang='lat' dir='ltr'>maret.</span> <span class='ocrx_word' id='word_1_141' title='bbox 300 1774 436 1820; x_wconf 90' lang='lat' dir='ltr'>Neque</span> <span class='ocrx_word' id='word_1_142' title='bbox 472 1772 545 1809; x_wconf 89' lang='lat' dir='ltr'>hoc</span> <span class='ocrx_word' id='word_1_143' title='bbox 584 1766 732 1806; x_wconf 79' lang='lat' dir='ltr'>difficile</span> <span class='ocrx_word' id='word_1_144' title='bbox 768 1773 844 1802; x_wconf 86' lang='lat' dir='ltr'>erat</span> <span class='ocrx_word' id='word_1_145' title='bbox 881 1762 1083 1810; x_wconf 86' lang='lat' dir='ltr'>expeditu,</span> <span class='ocrx_word' id='word_1_146' title='bbox 1124 1771 1221 1807; x_wconf 89' lang='lat' dir='ltr'>quo-</span> 
     </span>
     <span class='ocr_line' id='line_1_23' title="bbox 109 1829 1221 1895; baseline -0.022 -6"><span class='ocrx_word' id='word_1_147' title='bbox 109 1850 207 1889; x_wconf 85' lang='lat' dir='ltr'>niam</span> <span class='ocrx_word' id='word_1_148' title='bbox 243 1845 421 1895; x_wconf 88' lang='lat' dir='ltr'>plurimae</span> <span class='ocrx_word' id='word_1_149' title='bbox 455 1840 565 1878; x_wconf 86' lang='lat' dir='ltr'>urbes</span> <span class='ocrx_word' id='word_1_150' title='bbox 600 1846 785 1875; x_wconf 86' lang='lat' dir='ltr'>armorum</span> <span class='ocrx_word' id='word_1_151' title='bbox 827 1840 970 1871; x_wconf 84' lang='lat' dir='ltr'>tantum</span> <span class='ocrx_word' id='word_1_152' title='bbox 1013 1830 1050 1868; x_wconf 91' lang='lat' dir='ltr'>vi</span> <span class='ocrx_word' id='word_1_153' title='bbox 1084 1829 1221 1877; x_wconf 88' lang='lat' dir='ltr'>Hispa-</span> 
     </span>
     <span class='ocr_line' id='line_1_24' title="bbox 116 1899 1229 1963; baseline -0.021 -5"><span class='ocrx_word' id='word_1_154' title='bbox 116 1929 249 1960; x_wconf 88' lang='lat' dir='ltr'>norum</span> <span class='ocrx_word' id='word_1_155' title='bbox 282 1913 436 1963; x_wconf 84' lang='lat' dir='ltr'>imperio</span> <span class='ocrx_word' id='word_1_156' title='bbox 474 1918 575 1949; x_wconf 89' lang='lat' dir='ltr'>erant</span> <span class='ocrx_word' id='word_1_157' title='bbox 607 1907 789 1956; x_wconf 86' lang='lat' dir='ltr'>subjectae</span> <span class='ocrx_word' id='word_1_158' title='bbox 820 1912 931 1951; x_wconf 84' lang='lat' dir='ltr'>atque</span> <span class='ocrx_word' id='word_1_159' title='bbox 967 1902 1005 1939; x_wconf 90' lang='lat' dir='ltr'>in</span> <span class='ocrx_word' id='word_1_160' title='bbox 1034 1899 1229 1939; x_wconf 62' lang='lat' dir='ltr'>Gulieh</span> 
     </span>
     <span class='ocr_line' id='line_1_25' title="bbox 117 1968 1163 2037; baseline -0.024 -7"><span class='ocrx_word' id='word_1_161' title='bbox 117 1989 178 2031; x_wconf 84' lang='lat' dir='ltr'>mi</span> <span class='ocrx_word' id='word_1_162' title='bbox 203 1993 425 2037; x_wconf 87' lang='lat' dir='ltr'>potestatem</span> <span class='ocrx_word' id='word_1_163' title='bbox 454 1981 571 2019; x_wconf 87' lang='lat' dir='ltr'>redire</span> <span class='ocrx_word' id='word_1_164' title='bbox 598 1978 834 2016; x_wconf 85' lang='lat' dir='ltr'>vehementer</span> <span class='ocrx_word' id='word_1_165' title='bbox 858 1970 1057 2020; x_wconf 82' lang='lat' dir='ltr'>cupiebant</span> <span class='ocrx_word' id='word_1_166' title='bbox 1080 1968 1163 2018; x_wconf 80' lang='grc' dir='ltr'>(ι).</span> 
     </span>
    </p>

    <p class='ocr_par' dir='ltr' id='par_1_5' title="bbox 171 2038 1227 2108">
     <span class='ocr_line' id='line_1_26' title="bbox 171 2038 1227 2108; baseline -0.021 -12"><span class='ocrx_word' id='word_1_167' title='bbox 171 2059 300 2108; x_wconf 90' lang='lat' dir='ltr'>Quum</span> <span class='ocrx_word' id='word_1_168' title='bbox 324 2054 467 2092; x_wconf 85' lang='lat' dir='ltr'>timeret</span> <span class='ocrx_word' id='word_1_169' title='bbox 494 2048 821 2090; x_wconf 85' lang='lat' dir='ltr'>Gu1ie1mus,</span> <span class='ocrx_word' id='word_1_170' title='bbox 848 2054 894 2080; x_wconf 90' lang='lat' dir='ltr'>ne</span> <span class='ocrx_word' id='word_1_171' title='bbox 925 2038 1227 2079; x_wconf 88' lang='lat' dir='ltr'>Austriacus</span> 
     </span>
    </p>
   </div>
   <div class='ocr_carea' id='block_1_3' title="bbox 123 2106 1233 2225">
    <p class='ocr_par' dir='ltr' id='par_1_6' title="bbox 123 2106 1233 2225">
     <span class='ocr_line' id='line_1_27' title="bbox 123 2106 1233 2169; baseline -0.022 0"><span class='ocrx_word' id='word_1_172' title='bbox 123 2127 283 2169; x_wconf 85' lang='lat' dir='ltr'>Ordines</span> <span class='ocrx_word' id='word_1_173' title='bbox 326 2122 529 2163; x_wconf 89' lang='lat' dir='ltr'>Generales</span> <span class='ocrx_word' id='word_1_174' title='bbox 568 2118 663 2158; x_wconf 90' lang='lat' dir='ltr'>dolis</span> <span class='ocrx_word' id='word_1_175' title='bbox 694 2115 770 2154; x_wconf 85' lang='lat' dir='ltr'>suis</span> <span class='ocrx_word' id='word_1_176' title='bbox 813 2124 853 2152; x_wconf 90' lang='lat' dir='ltr'>ac</span> <span class='ocrx_word' id='word_1_177' title='bbox 891 2107 1094 2161; x_wconf 85' lang='lat' dir='ltr'>praestigiis</span> <span class='ocrx_word' id='word_1_178' title='bbox 1131 2106 1233 2146; x_wconf 86' lang='lat' dir='ltr'>falle·</span> 
     </span>
     <span class='ocr_line' id='line_1_28' title="bbox 1145 2187 1231 2225; baseline -0.023 -9"><span class='ocrx_word' id='word_1_179' title='bbox 1145 2187 1231 2225; x_wconf 88' lang='lat' dir='ltr'>ret,</span> 
     </span>
    </p>
   </div>
   <div class='ocr_carea' id='block_1_4' title="bbox 123 2282 1282 2393">
    <p class='ocr_par' dir='ltr' id='par_1_7' title="bbox 123 2282 1282 2393">
     <span class='ocr_line' id='line_1_29' title="bbox 159 2282 1282 2338; baseline -0.02 -7"><span class='ocrx_word' id='word_1_180' title='bbox 159 2301 214 2338; x_wconf 83' lang='grc' dir='ltr'>(ι)</span> <span class='ocrx_word' id='word_1_181' title='bbox 234 2300 304 2328; x_wconf 84' lang='lat' dir='ltr'>Vid.</span> <span class='ocrx_word' id='word_1_182' title='bbox 326 2301 422 2335; x_wconf 81' lang='lat' dir='ltr'>Bor,</span> <span class='ocrx_word' id='word_1_183' title='bbox 439 2299 499 2334; x_wconf 83' lang='lat' dir='ltr'>Op.</span> <span class='ocrx_word' id='word_1_184' title='bbox 519 2297 540 2326; x_wconf 83' lang='lat' dir='ltr'>l.</span> <span class='ocrx_word' id='word_1_185' title='bbox 556 2291 704 2323; x_wconf 50' lang='lat' dir='ltr'>Bibrax.</span> <span class='ocrx_word' id='word_1_186' title='bbox 726 2292 782 2321; x_wconf 84' lang='lat' dir='ltr'>fol.</span> <span class='ocrx_word' id='word_1_187' title='bbox 807 2298 875 2319; x_wconf 84' lang='lat'>201.</span> <span class='ocrx_word' id='word_1_188' title='bbox 897 2288 985 2323; x_wconf 85' lang='lat' dir='ltr'><strong>sq.—</strong></span> <span class='ocrx_word' id='word_1_189' title='bbox 1005 2282 1230 2318; x_wconf 74' lang='lat' dir='ltr'>Hooft,0p.</span> <span class='ocrx_word' id='word_1_190' title='bbox 1275 2301 1282 2310; x_wconf 78' lang='grc'><strong>.</strong></span> 
     </span>
     <span class='ocr_line' id='line_1_30' title="bbox 123 2353 390 2393; baseline -0.019 -4"><span class='ocrx_word' id='word_1_191' title='bbox 123 2359 144 2389; x_wconf 72' lang='grc' dir='ltr'>Ι.</span> <span class='ocrx_word' id='word_1_192' title='bbox 163 2364 229 2393; x_wconf 74' lang='lat' dir='ltr'>pag.</span> <span class='ocrx_word' id='word_1_193' title='bbox 250 2362 319 2392; x_wconf 78' lang='lat'><strong>492.</strong></span> <span class='ocrx_word' id='word_1_194' title='bbox 347 2353 390 2389; x_wconf 72' lang='lat' dir='ltr'>sq·</span> 
     </span>
    </p>
   </div>
  </div>
 </body>
</html>
