<?xml version="1.0" encoding="UTF-8"?>
<!DOCTYPE html PUBLIC "-//W3C//DTD XHTML 1.0 Transitional//EN"
    "http://www.w3.org/TR/xhtml1/DTD/xhtml1-transitional.dtd">
<html xmlns="http://www.w3.org/1999/xhtml" xml:lang="en" lang="en">
 <head>
  <title>
</title>
<meta http-equiv="Content-Type" content="text/html;charset=utf-8" />
  <meta name='ocr-system' content='tesseract 3.04.00' />
  <meta name='ocr-capabilities' content='ocr_page ocr_carea ocr_par ocr_line ocrx_word'/>
</head>
<body>
  <div class='ocr_page' id='page_1' title='image "annalesacademiae29acad_0476.png"; bbox 0 0 1483 2860; ppageno 0'>
   <div class='ocr_carea' id='block_1_1' title="bbox 273 253 1160 303">
    <p class='ocr_par' dir='ltr' id='par_1_1' title="bbox 273 253 1160 303">
     <span class='ocr_line' id='line_1_1' title="bbox 273 253 1160 303; baseline -0.007 -5"><span class='ocrx_word' id='word_1_1' title='bbox 273 261 329 303; x_wconf 69' lang='lat'>68</span> <span class='ocrx_word' id='word_1_2' title='bbox 494 253 1160 302; x_wconf 63' lang='lat' dir='ltr'>COIMMENTAT&#39;IO</span> 
     </span>
    </p>
   </div>
   <div class='ocr_carea' id='block_1_2' title="bbox 271 361 1391 484">
    <p class='ocr_par' dir='ltr' id='par_1_2' title="bbox 271 361 1391 484">
     <span class='ocr_line' id='line_1_2' title="bbox 278 361 1391 418; baseline -0.004 -14"><span class='ocrx_word' id='word_1_3' title='bbox 278 364 381 404; x_wconf 76' lang='lat' dir='ltr'>Rexv</span> <span class='ocrx_word' id='word_1_4' title='bbox 406 366 508 405; x_wconf 83' lang='lat' dir='ltr'>nulla</span> <span class='ocrx_word' id='word_1_5' title='bbox 553 365 695 418; x_wconf 80' lang='lat' dir='ltr'>ratione</span> <span class='ocrx_word' id='word_1_6' title='bbox 740 363 787 403; x_wconf 85' lang='lat' dir='ltr'>ad</span> <span class='ocrx_word' id='word_1_7' title='bbox 836 362 986 404; x_wconf 74' lang='lat' dir='ltr'>meliora</span> <span class='ocrx_word' id='word_1_8' title='bbox 1030 361 1180 401; x_wconf 71' lang='lat' dir='ltr'>consilia</span> <span class='ocrx_word' id='word_1_9' title='bbox 1229 361 1391 401; x_wconf 84' lang='lat' dir='ltr'>conduci</span> 
     </span>
     <span class='ocr_line' id='line_1_3' title="bbox 271 435 413 484; baseline -0.014 -9"><span class='ocrx_word' id='word_1_10' title='bbox 271 435 413 484; x_wconf 83' lang='lat' dir='ltr'>potuit.</span> 
     </span>
    </p>
   </div>
   <div class='ocr_carea' id='block_1_3' title="bbox 777 546 920 607">
    <p class='ocr_par' dir='ltr' id='par_1_3' title="bbox 777 546 920 607">
     <span class='ocr_line' id='line_1_4' title="bbox 777 546 920 607; baseline 0 -10"><span class='ocrx_word' id='word_1_11' title='bbox 777 559 816 607; x_wconf 76' lang='lat'>§-</span> <span class='ocrx_word' id='word_1_12' title='bbox 859 546 920 606; x_wconf 60' lang='grc' dir='ltr'>ἐς).</span> 
     </span>
    </p>
   </div>
   <div class='ocr_carea' id='block_1_4' title="bbox 257 688 1394 2061">
    <p class='ocr_par' dir='ltr' id='par_1_4' title="bbox 265 688 1394 1425">
     <span class='ocr_line' id='line_1_5' title="bbox 322 688 1388 741; baseline -0.002 -13"><span class='ocrx_word' id='word_1_13' title='bbox 322 690 446 730; x_wconf 89' lang='lat' dir='ltr'>Antea</span> <span class='ocrx_word' id='word_1_14' title='bbox 458 690 562 730; x_wconf 84' lang='lat' dir='ltr'>verbi</span> <span class='ocrx_word' id='word_1_15' title='bbox 578 691 696 730; x_wconf 85' lang='lat' dir='ltr'>divini</span> <span class='ocrx_word' id='word_1_16' title='bbox 713 690 874 730; x_wconf 87' lang='lat' dir='ltr'>ministri</span> <span class='ocrx_word' id='word_1_17' title='bbox 889 691 927 729; x_wconf 91' lang='lat' dir='ltr'>in</span> <span class='ocrx_word' id='word_1_18' title='bbox 944 691 1177 741; x_wconf 83' lang='lat' dir='ltr'>privatorum</span> <span class='ocrx_word' id='word_1_19' title='bbox 1193 688 1388 727; x_wconf 84' lang='lat' dir='ltr'>hominum</span> 
     </span>
     <span class='ocr_line' id='line_1_6' title="bbox 273 758 1391 800; baseline -0.002 -3"><span class='ocrx_word' id='word_1_20' title='bbox 273 760 426 799; x_wconf 83' lang='lat' dir='ltr'>aedibus</span> <span class='ocrx_word' id='word_1_21' title='bbox 439 760 532 800; x_wconf 83' lang='lat' dir='ltr'>ciam</span> <span class='ocrx_word' id='word_1_22' title='bbox 559 760 810 800; x_wconf 89' lang='lat' dir='ltr'>conciocinari</span> <span class='ocrx_word' id='word_1_23' title='bbox 831 761 1013 799; x_wconf 83' lang='lat' dir='ltr'>solebant.</span> <span class='ocrx_word' id='word_1_24' title='bbox 1047 760 1128 799; x_wconf 89' lang='lat' dir='ltr'>Ubi</span> <span class='ocrx_word' id='word_1_25' title='bbox 1149 769 1238 798; x_wconf 86' lang='lat' dir='ltr'>vero</span> <span class='ocrx_word' id='word_1_26' title='bbox 1262 758 1391 797; x_wconf 81' lang='lat' dir='ltr'>Calvi-</span> 
     </span>
     <span class='ocr_line' id='line_1_7' title="bbox 270 828 1388 879; baseline -0.002 -12"><span class='ocrx_word' id='word_1_27' title='bbox 270 829 453 869; x_wconf 86' lang='lat' dir='ltr'>nistarum</span> <span class='ocrx_word' id='word_1_28' title='bbox 478 832 832 870; x_wconf 84' lang='lat' dir='ltr'>etLutheranorum</span> <span class='ocrx_word' id='word_1_29' title='bbox 852 843 1029 870; x_wconf 87' lang='lat' dir='ltr'>numerus</span> <span class='ocrx_word' id='word_1_30' title='bbox 1052 830 1168 879; x_wconf 90' lang='lat' dir='ltr'>magis</span> <span class='ocrx_word' id='word_1_31' title='bbox 1194 828 1388 876; x_wconf 85' lang='lat' dir='ltr'>magisque</span> 
     </span>
     <span class='ocr_line' id='line_1_8' title="bbox 265 899 1394 949; baseline -0.002 -13"><span class='ocrx_word' id='word_1_32' title='bbox 265 908 434 938; x_wconf 86' lang='lat' dir='ltr'>creverat</span> <span class='ocrx_word' id='word_1_33' title='bbox 470 909 506 938; x_wconf 89' lang='lat' dir='ltr'>et</span> <span class='ocrx_word' id='word_1_34' title='bbox 537 901 736 939; x_wconf 85' lang='lat' dir='ltr'>Nobilium</span> <span class='ocrx_word' id='word_1_35' title='bbox 770 899 921 939; x_wconf 72' lang='lat' dir='ltr'>libellus</span> <span class='ocrx_word' id='word_1_36' title='bbox 959 900 1277 949; x_wconf 84' lang='lat' dir='ltr'>Margaritae</span> <span class='ocrx_word' id='word_1_37' title='bbox 1319 906 1394 935; x_wconf 83' lang='lat' dir='ltr'>tra·</span> 
     </span>
     <span class='ocr_line' id='line_1_9' title="bbox 268 966 1388 1023; baseline 0 -19"><span class='ocrx_word' id='word_1_38' title='bbox 268 966 371 1006; x_wconf 90' lang='lat' dir='ltr'>ditus</span> <span class='ocrx_word' id='word_1_39' title='bbox 393 978 492 1016; x_wconf 81' lang='lat' dir='ltr'>erat,</span> <span class='ocrx_word' id='word_1_40' title='bbox 516 970 732 1009; x_wconf 80' lang='lat' dir='ltr'>audaciores</span> <span class='ocrx_word' id='word_1_41' title='bbox 762 969 851 1009; x_wconf 86' lang='lat' dir='ltr'>facti</span> <span class='ocrx_word' id='word_1_42' title='bbox 868 999 880 1019; x_wconf 85' lang='lat'>‚</span> <span class='ocrx_word' id='word_1_43' title='bbox 898 971 1025 1009; x_wconf 88' lang='lat' dir='ltr'>divina</span> <span class='ocrx_word' id='word_1_44' title='bbox 1048 971 1195 1008; x_wconf 84' lang='lat' dir='ltr'>oracula</span> <span class='ocrx_word' id='word_1_45' title='bbox 1224 970 1388 1023; x_wconf 51' lang='lat' dir='ltr'>plerum-¹</span> 
     </span>
     <span class='ocr_line' id='line_1_10' title="bbox 267 1036 1385 1089; baseline 0.004 -16"><span class='ocrx_word' id='word_1_46' title='bbox 267 1047 342 1084; x_wconf 90' lang='lat' dir='ltr'>que</span> <span class='ocrx_word' id='word_1_47' title='bbox 386 1037 425 1076; x_wconf 89' lang='lat' dir='ltr'>in</span> <span class='ocrx_word' id='word_1_48' title='bbox 465 1040 606 1089; x_wconf 90' lang='lat' dir='ltr'>campis</span> <span class='ocrx_word' id='word_1_49' title='bbox 636 1041 754 1089; x_wconf 89' lang='lat' dir='ltr'>palam</span> <span class='ocrx_word' id='word_1_50' title='bbox 792 1041 1026 1089; x_wconf 83' lang='lat' dir='ltr'>interpretari</span> <span class='ocrx_word' id='word_1_51' title='bbox 1059 1045 1266 1088; x_wconf 83' lang='lat' dir='ltr'>coeperunt</span> <span class='ocrx_word' id='word_1_52' title='bbox 1299 1036 1385 1085; x_wconf 79' lang='grc' dir='ltr'>(ι).</span> 
     </span>
     <span class='ocr_line' id='line_1_11' title="bbox 266 1104 1386 1158; baseline 0.001 -15"><span class='ocrx_word' id='word_1_53' title='bbox 266 1104 350 1143; x_wconf 85' lang='lat' dir='ltr'>Hae</span> <span class='ocrx_word' id='word_1_54' title='bbox 390 1120 480 1146; x_wconf 87' lang='lat' dir='ltr'>vero</span> <span class='ocrx_word' id='word_1_55' title='bbox 521 1109 726 1148; x_wconf 88' lang='lat' dir='ltr'>conciones</span> <span class='ocrx_word' id='word_1_56' title='bbox 761 1110 906 1158; x_wconf 87' lang='lat' dir='ltr'>saepius</span> <span class='ocrx_word' id='word_1_57' title='bbox 947 1110 994 1147; x_wconf 90' lang='lat' dir='ltr'>ad</span> <span class='ocrx_word' id='word_1_58' title='bbox 1030 1108 1214 1146; x_wconf 81' lang='lat' dir='ltr'>maximos</span> <span class='ocrx_word' id='word_1_59' title='bbox 1260 1115 1386 1145; x_wconf 83' lang='lat' dir='ltr'>motus</span> 
     </span>
     <span class='ocr_line' id='line_1_12' title="bbox 265 1174 1388 1228; baseline 0 -15"><span class='ocrx_word' id='word_1_60' title='bbox 265 1174 386 1214; x_wconf 85' lang='lat' dir='ltr'>ansam</span> <span class='ocrx_word' id='word_1_61' title='bbox 419 1177 642 1228; x_wconf 58' lang='lat' dir='ltr'>dederunt,⁴</span> <span class='ocrx_word' id='word_1_62' title='bbox 661 1179 749 1226; x_wconf 88' lang='lat' dir='ltr'>quia</span> <span class='ocrx_word' id='word_1_63' title='bbox 773 1178 986 1226; x_wconf 86' lang='lat' dir='ltr'>congregati</span> <span class='ocrx_word' id='word_1_64' title='bbox 1014 1177 1184 1215; x_wconf 87' lang='lat' dir='ltr'>homines</span> <span class='ocrx_word' id='word_1_65' title='bbox 1213 1186 1388 1214; x_wconf 86' lang='lat' dir='ltr'>nonnun-</span> 
     </span>
     <span class='ocr_line' id='line_1_13' title="bbox 268 1246 1381 1296; baseline 0.003 -14"><span class='ocrx_word' id='word_1_66' title='bbox 268 1257 378 1292; x_wconf 87' lang='lat' dir='ltr'>quam</span> <span class='ocrx_word' id='word_1_67' title='bbox 399 1258 419 1284; x_wconf 90' lang='lat' dir='ltr'>a</span> <span class='ocrx_word' id='word_1_68' title='bbox 446 1246 723 1295; x_wconf 84' lang='lat' dir='ltr'>magistratibus</span> <span class='ocrx_word' id='word_1_69' title='bbox 749 1258 934 1285; x_wconf 84' lang='lat' dir='ltr'>armorum</span> <span class='ocrx_word' id='word_1_70' title='bbox 958 1247 995 1286; x_wconf 91' lang='lat' dir='ltr'>vi</span> <span class='ocrx_word' id='word_1_71' title='bbox 1037 1246 1381 1296; x_wconf 82' lang='lat' dir='ltr'>interpellabamur.</span> 
     </span>
     <span class='ocr_line' id='line_1_14' title="bbox 267 1313 1390 1366; baseline 0.001 -13"><span class='ocrx_word' id='word_1_72' title='bbox 267 1313 359 1365; x_wconf 82' lang='lat' dir='ltr'>Quo</span> <span class='ocrx_word' id='word_1_73' title='bbox 395 1314 534 1354; x_wconf 78' lang='lat' dir='ltr'>factum</span> <span class='ocrx_word' id='word_1_74' title='bbox 561 1326 644 1364; x_wconf 84' lang='lat' dir='ltr'>est,</span> <span class='ocrx_word' id='word_1_75' title='bbox 672 1325 715 1354; x_wconf 92' lang='lat' dir='ltr'>ut</span> <span class='ocrx_word' id='word_1_76' title='bbox 752 1325 884 1366; x_wconf 86' lang='lat' dir='ltr'>postea</span> <span class='ocrx_word' id='word_1_77' title='bbox 919 1327 996 1355; x_wconf 91' lang='lat' dir='ltr'>non</span> <span class='ocrx_word' id='word_1_78' title='bbox 1033 1317 1101 1356; x_wconf 86' lang='lat' dir='ltr'>nis1</span> <span class='ocrx_word' id='word_1_79' title='bbox 1136 1316 1263 1355; x_wconf 86' lang='lat' dir='ltr'>armati</span> <span class='ocrx_word' id='word_1_80' title='bbox 1297 1326 1390 1354; x_wconf 86' lang='lat' dir='ltr'>con-</span> 
     </span>
     <span class='ocr_line' id='line_1_15' title="bbox 265 1385 449 1425; baseline 0.011 -2"><span class='ocrx_word' id='word_1_81' title='bbox 265 1385 449 1425; x_wconf 87' lang='lat' dir='ltr'>venirent.</span> 
     </span>
    </p>

    <p class='ocr_par' dir='ltr' id='par_1_5' title="bbox 257 1455 1390 2060">
     <span class='ocr_line' id='line_1_16' title="bbox 318 1455 1388 1505; baseline -0.001 -12"><span class='ocrx_word' id='word_1_82' title='bbox 318 1455 548 1505; x_wconf 85' lang='lat' dir='ltr'>Antverpiae</span> <span class='ocrx_word' id='word_1_83' title='bbox 569 1456 700 1505; x_wconf 86' lang='lat' dir='ltr'>ingens</span> <span class='ocrx_word' id='word_1_84' title='bbox 729 1457 922 1495; x_wconf 86' lang='lat' dir='ltr'>hominum</span> <span class='ocrx_word' id='word_1_85' title='bbox 951 1465 1097 1495; x_wconf 86' lang='lat' dir='ltr'>caterva</span> <span class='ocrx_word' id='word_1_86' title='bbox 1129 1456 1258 1494; x_wconf 87' lang='lat' dir='ltr'>urbem</span> <span class='ocrx_word' id='word_1_87' title='bbox 1285 1465 1388 1504; x_wconf 83' lang='lat' dir='ltr'>egre-</span> 
     </span>
     <span class='ocr_line' id='line_1_17' title="bbox 269 1524 1388 1574; baseline -0.001 -12"><span class='ocrx_word' id='word_1_88' title='bbox 269 1525 307 1563; x_wconf 87' lang='lat' dir='ltr'>di</span> <span class='ocrx_word' id='word_1_89' title='bbox 345 1526 515 1574; x_wconf 80' lang='lat' dir='ltr'>solebat,</span> <span class='ocrx_word' id='word_1_90' title='bbox 569 1536 611 1564; x_wconf 87' lang='lat' dir='ltr'>ut</span> <span class='ocrx_word' id='word_1_91' title='bbox 657 1526 843 1565; x_wconf 84' lang='lat' dir='ltr'>sacrorum</span> <span class='ocrx_word' id='word_1_92' title='bbox 899 1536 1090 1565; x_wconf 87' lang='lat' dir='ltr'>oratorum</span> <span class='ocrx_word' id='word_1_93' title='bbox 1151 1524 1388 1564; x_wconf 85' lang='lat' dir='ltr'>declamatio-</span> 
     </span>
     <span class='ocr_line' id='line_1_18' title="bbox 265 1596 1385 1641; baseline 0 -9"><span class='ocrx_word' id='word_1_94' title='bbox 265 1605 333 1633; x_wconf 86' lang='lat' dir='ltr'>nes</span> <span class='ocrx_word' id='word_1_95' title='bbox 366 1596 524 1634; x_wconf 84' lang='lat' dir='ltr'>audiret.</span> <span class='ocrx_word' id='word_1_96' title='bbox 579 1596 727 1635; x_wconf 70' lang='lat' dir='ltr'>Horum</span> <span class='ocrx_word' id='word_1_97' title='bbox 761 1608 939 1634; x_wconf 83' lang='lat' dir='ltr'>numerus</span> <span class='ocrx_word' id='word_1_98' title='bbox 977 1596 1068 1634; x_wconf 86' lang='lat' dir='ltr'>adeo</span> <span class='ocrx_word' id='word_1_99' title='bbox 1108 1604 1240 1633; x_wconf 88' lang='lat' dir='ltr'>auctus</span> <span class='ocrx_word' id='word_1_100' title='bbox 1271 1603 1347 1633; x_wconf 86' lang='lat' dir='ltr'>erat</span> <span class='ocrx_word' id='word_1_101' title='bbox 1370 1621 1385 1641; x_wconf 89' lang='lat'>‚</span> 
     </span>
     <span class='ocr_line' id='line_1_19' title="bbox 264 1665 1387 1714; baseline 0 -13"><span class='ocrx_word' id='word_1_102' title='bbox 264 1673 313 1701; x_wconf 84' lang='lat' dir='ltr'>ut</span> <span class='ocrx_word' id='word_1_103' title='bbox 371 1665 604 1714; x_wconf 79' lang='lat' dir='ltr'>magistratui</span> <span class='ocrx_word' id='word_1_104' title='bbox 653 1676 792 1705; x_wconf 88' lang='lat' dir='ltr'>metum</span> <span class='ocrx_word' id='word_1_105' title='bbox 845 1666 1055 1704; x_wconf 84' lang='lat' dir='ltr'>incuterent</span> <span class='ocrx_word' id='word_1_106' title='bbox 1099 1677 1221 1713; x_wconf 88' lang='lat' dir='ltr'>neque</span> <span class='ocrx_word' id='word_1_107' title='bbox 1265 1675 1387 1703; x_wconf 86' lang='lat' dir='ltr'>armo·</span> 
     </span>
     <span class='ocr_line' id='line_1_20' title="bbox 267 1733 1387 1785; baseline 0 -15"><span class='ocrx_word' id='word_1_108' title='bbox 267 1744 349 1770; x_wconf 87' lang='lat' dir='ltr'>rum</span> <span class='ocrx_word' id='word_1_109' title='bbox 395 1737 433 1770; x_wconf 77' lang='lat' dir='ltr'>vi</span> <span class='ocrx_word' id='word_1_110' title='bbox 473 1737 635 1783; x_wconf 82' lang='lat' dir='ltr'>amplius</span> <span class='ocrx_word' id='word_1_111' title='bbox 686 1736 883 1784; x_wconf 83' lang='lat' dir='ltr'>comprimi</span> <span class='ocrx_word' id='word_1_112' title='bbox 924 1735 1089 1785; x_wconf 84' lang='lat' dir='ltr'>possent.</span> <span class='ocrx_word' id='word_1_113' title='bbox 1169 1735 1276 1772; x_wconf 90' lang='lat' dir='ltr'>Hanc</span> <span class='ocrx_word' id='word_1_114' title='bbox 1316 1733 1387 1771; x_wconf 87' lang='lat' dir='ltr'>ob-</span> 
     </span>
     <span class='ocr_line' id='line_1_21' title="bbox 257 1801 1389 1852; baseline 0.001 -11"><span class='ocrx_word' id='word_1_115' title='bbox 257 1801 410 1842; x_wconf 77' lang='lat' dir='ltr'>.causam</span> <span class='ocrx_word' id='word_1_116' title='bbox 453 1802 689 1852; x_wconf 78' lang='lat' dir='ltr'>magistratus</span> <span class='ocrx_word' id='word_1_117' title='bbox 737 1806 780 1841; x_wconf 88' lang='lat' dir='ltr'>M</span> <span class='ocrx_word' id='word_1_118' title='bbox 798 1805 1085 1852; x_wconf 84' lang='lat' dir='ltr'>argaritam</span> <span class='ocrx_word' id='word_1_119' title='bbox 1149 1802 1389 1852; x_wconf 84' lang='lat' dir='ltr'>compellavit</span> 
     </span>
     <span class='ocr_line' id='line_1_22' title="bbox 269 1872 1388 1922; baseline 0.002 -13"><span class='ocrx_word' id='word_1_120' title='bbox 269 1880 313 1909; x_wconf 89' lang='lat' dir='ltr'>ut</span> <span class='ocrx_word' id='word_1_121' title='bbox 349 1872 568 1919; x_wconf 84' lang='lat' dir='ltr'>continuis,</span> <span class='ocrx_word' id='word_1_122' title='bbox 624 1872 763 1919; x_wconf 85' lang='lat' dir='ltr'>quibus</span> <span class='ocrx_word' id='word_1_123' title='bbox 805 1873 894 1910; x_wconf 85' lang='lat' dir='ltr'>urbs</span> <span class='ocrx_word' id='word_1_124' title='bbox 943 1872 1199 1921; x_wconf 82' lang='lat' dir='ltr'>exagitabatur</span> <span class='ocrx_word' id='word_1_125' title='bbox 1233 1872 1388 1922; x_wconf 85' lang='lat' dir='ltr'>turbis,</span> 
     </span>
     <span class='ocr_line' id='line_1_23' title="bbox 263 1941 1390 1990; baseline 0.002 -12"><span class='ocrx_word' id='word_1_126' title='bbox 263 1953 510 1989; x_wconf 86' lang='lat' dir='ltr'>quocumque</span> <span class='ocrx_word' id='word_1_127' title='bbox 531 1942 656 1989; x_wconf 86' lang='lat' dir='ltr'>posset</span> <span class='ocrx_word' id='word_1_128' title='bbox 679 1944 817 1989; x_wconf 88' lang='lat' dir='ltr'>modo,</span> <span class='ocrx_word' id='word_1_129' title='bbox 834 1942 944 1979; x_wconf 85' lang='lat' dir='ltr'>finem</span> <span class='ocrx_word' id='word_1_130' title='bbox 973 1941 1181 1989; x_wconf 83' lang='lat' dir='ltr'>imponeret</span> <span class='ocrx_word' id='word_1_131' title='bbox 1205 1942 1390 1990; x_wconf 85' lang='lat' dir='ltr'>urbisque</span> 
     </span>
     <span class='ocr_line' id='line_1_24' title="bbox 265 2009 1383 2061; baseline 0.004 -14"><span class='ocrx_word' id='word_1_132' title='bbox 265 2011 533 2060; x_wconf 68' lang='lat' dir='ltr'>tranquillitatij</span> <span class='ocrx_word' id='word_1_133' title='bbox 566 2009 808 2060; x_wconf 68' lang='lat' dir='ltr'>prospiceret.</span> <span class='ocrx_word' id='word_1_134' title='bbox 884 2012 929 2049; x_wconf 90' lang='lat' dir='ltr'>M</span> <span class='ocrx_word' id='word_1_135' title='bbox 943 2024 961 2048; x_wconf 88' lang='lat' dir='ltr'>a</span> <span class='ocrx_word' id='word_1_136' title='bbox 975 2022 992 2048; x_wconf 88' lang='lat' dir='ltr'>r</span> <span class='ocrx_word' id='word_1_137' title='bbox 1005 2022 1027 2059; x_wconf 90' lang='lat' dir='ltr'>g</span> <span class='ocrx_word' id='word_1_138' title='bbox 1040 2024 1058 2049; x_wconf 87' lang='lat' dir='ltr'>a</span> <span class='ocrx_word' id='word_1_139' title='bbox 1070 2023 1087 2048; x_wconf 88' lang='lat' dir='ltr'>r</span> <span class='ocrx_word' id='word_1_140' title='bbox 1102 2012 1114 2049; x_wconf 88' lang='lat' dir='ltr'>i</span> <span class='ocrx_word' id='word_1_141' title='bbox 1130 2021 1143 2048; x_wconf 91' lang='lat' dir='ltr'>t</span> <span class='ocrx_word' id='word_1_142' title='bbox 1156 2023 1175 2049; x_wconf 87' lang='lat' dir='ltr'>a</span> <span class='ocrx_word' id='word_1_143' title='bbox 1188 2024 1207 2049; x_wconf 85' lang='lat' dir='ltr'>e</span> <span class='ocrx_word' id='word_1_144' title='bbox 1248 2021 1383 2061; x_wconf 88' lang='lat' dir='ltr'>rogatu</span> 
     </span>
    </p>
   </div>
   <div class='ocr_carea' id='block_1_5' title="bbox 263 2080 1387 2191">
    <p class='ocr_par' dir='ltr' id='par_1_6' title="bbox 263 2080 1387 2191">
     <span class='ocr_line' id='line_1_25' title="bbox 263 2080 1386 2131; baseline 0 -12"><span class='ocrx_word' id='word_1_145' title='bbox 263 2081 445 2120; x_wconf 86' lang='lat' dir='ltr'>adductus</span> <span class='ocrx_word' id='word_1_146' title='bbox 498 2080 801 2120; x_wconf 80' lang='lat' dir='ltr'>Gulielmus</span> <span class='ocrx_word' id='word_1_147' title='bbox 847 2081 1094 2129; x_wconf 83' lang='lat' dir='ltr'>Antverpiam</span> <span class='ocrx_word' id='word_1_148' title='bbox 1142 2080 1293 2131; x_wconf 87' lang='lat' dir='ltr'>petivit.</span> <span class='ocrx_word' id='word_1_149' title='bbox 1331 2104 1386 2113; x_wconf 84' lang='lat'>-</span> 
     </span>
     <span class='ocr_line' id='line_1_26' title="bbox 1307 2151 1387 2191; baseline -0.013 0"><span class='ocrx_word' id='word_1_150' title='bbox 1307 2151 1387 2191; x_wconf 92' lang='lat' dir='ltr'>Mi-</span> 
     </span>
    </p>
   </div>
   <div class='ocr_carea' id='block_1_6' title="bbox 268 2258 1382 2353">
    <p class='ocr_par' dir='ltr' id='par_1_7' title="bbox 268 2258 1382 2353">
     <span class='ocr_line' id='line_1_27' title="bbox 304 2258 1382 2298; baseline 0.004 -11"><span class='ocrx_word' id='word_1_151' title='bbox 304 2258 360 2296; x_wconf 90' lang='grc' dir='ltr'>(ι)</span> <span class='ocrx_word' id='word_1_152' title='bbox 380 2259 452 2291; x_wconf 81' lang='lat' dir='ltr'>vid,</span> <span class='ocrx_word' id='word_1_153' title='bbox 476 2259 734 2298; x_wconf 79' lang='lat' dir='ltr'>Burgundus‚</span> <span class='ocrx_word' id='word_1_154' title='bbox 755 2261 817 2298; x_wconf 83' lang='lat' dir='ltr'>Op.</span> <span class='ocrx_word' id='word_1_155' title='bbox 842 2261 867 2291; x_wconf 85' lang='lat'>1.</span> <span class='ocrx_word' id='word_1_156' title='bbox 891 2268 960 2298; x_wconf 81' lang='lat' dir='ltr'>pag.</span> <span class='ocrx_word' id='word_1_157' title='bbox 984 2264 1033 2296; x_wconf 84' lang='lat'>85.</span> <span class='ocrx_word' id='word_1_158' title='bbox 1054 2260 1259 2292; x_wconf 79' lang='lat' dir='ltr'>—Hoost.</span> <span class='ocrx_word' id='word_1_159' title='bbox 1281 2259 1382 2297; x_wconf 81' lang='lat' dir='ltr'>op.1.</span> 
     </span>
     <span class='ocr_line' id='line_1_28' title="bbox 268 2316 546 2353; baseline 0.008 -7"><span class='ocrx_word' id='word_1_160' title='bbox 268 2316 343 2346; x_wconf 84' lang='lat' dir='ltr'>Vol.</span> <span class='ocrx_word' id='word_1_161' title='bbox 365 2317 392 2347; x_wconf 89' lang='lat'>1.</span> <span class='ocrx_word' id='word_1_162' title='bbox 411 2324 476 2353; x_wconf 80' lang='lat' dir='ltr'>pag.</span> <span class='ocrx_word' id='word_1_163' title='bbox 497 2320 546 2351; x_wconf 80' lang='grc'>83.</span> 
     </span>
    </p>
   </div>
   <div class='ocr_carea' id='block_1_7' title="bbox 627 2345 645 2359">
    <p class='ocr_par' dir='ltr' id='par_1_8' title="bbox 627 2345 645 2359">
     <span class='ocr_line' id='line_1_29' title="bbox 627 2345 645 2359; baseline 0 0"><span class='ocrx_word' id='word_1_164' title='bbox 627 2345 645 2359; x_wconf 67' lang='grc' dir='ltr'>Δ.</span> 
     </span>
    </p>
   </div>
   <div class='ocr_carea' id='block_1_8' title="bbox 1140 2000 1483 2543">
    <p class='ocr_par' dir='ltr' id='par_1_9' title="bbox 1140 2000 1483 2543">
     <span class='ocr_line' id='line_1_30' title="bbox 1140 2000 1483 2543; baseline 0 -462"><span class='ocrx_word' id='word_1_165' title='bbox 1140 2000 1483 2543; x_wconf 21' lang='grc' dir='ltr'>ψ</span> 
     </span>
    </p>
   </div>
  </div>
 </body>
</html>
