1483 2860
268 230 318 267 82
505 222 1164 266 COMMENTATIO

273 335 404 373 teiares
431 333 476 371 iis
510 333 734 383 adjunctos3
765 342 800 371 et
826 332 1034 382 Episcopi,
1074 344 1209 370 munus
1242 332 1384 371 obeun-

273 412 353 450 tes,
373 415 448 441 non
477 403 658 441 Ecclesiae
673 431 686 450 ‚
700 402 1003 450 sedpraediorum
1023 401 1260 450 Imperatoris
1276 403 1387 440 bene·

277 472 501 510 ficiariorum
530 483 654 509 curam
668 483 792 520 gerere
814 472 879 510 fibi
894 472 1140 517 videbantur3
1157 481 1386 520 quapropter

275 543 340 581 has
363 543 490 591 potius
517 542 679 580 ditiones
710 542 901 579 servandas
926 543 1028 587 esse,
1065 553 1174 590 quam
1200 541 1385 581 Ecclesiae

271 611 499 652 adversarios
521 612 819 660 oppugnandos,
845 612 1084 650 autumabant
1112 613 1193 659 (1).
1235 611 1387 649 Scilicet

272 681 463 720 vinculum
486 682 604 719 hocce
620 682 883 730 Imperatorem
908 683 1003 719 inser
1031 676 1068 718 ct'
1084 681 1239 719 clericos
1262 681 1383 729 primo

270 753 356 789 loco
371 761 447 789 erat
461 749 673 790 solvendum
686 765 699 800 3
715 752 888 800 deinceps
902 752 940 789 hi
953 751 1152 789 arctissime
1163 750 1388 790 hierarchiae

271 831 374 860 erant
407 822 661 869 devinciendi3
696 821 806 859 civile
835 822 979 859 tandem
1014 821 1243 869 Imperium,
1273 821 1298 859 fi
1331 832 1388 858 res

270 891 429 946 feliciter
453 893 598 930 caderet
614 920 626 938 ‚
655 891 880 928 hierarchiae
909 899 984 928 erat
1008 890 1276 938 subjiciendum
1300 892 1384 940 ζει).

270 946 386 1012 Quod
423 973 507 999 cum
535 969 656 1010 ageret
680 960 888 1008 Gregorius
909 988 921 1005 ,
947 969 1082 998 tantam
1117 959 1184 998 fibi
1219 971 1388 1009 arrogare

270 1032 410 1071 studuit
435 1031 692 1070 auctoritatem
710 1059 723 1077 ‚
744 1039 917 1078 quantam
941 1031 1067 1067 nullus
1082 1039 1167 1068 ante
1192 1029 1308 1078 ipsum
1324 1032 1389 1069 Pa-

267 1115 316 1152 pa
343 1103 403 1140 vel
428 1102 591 1149 cogitare
613 1099 722 1138 ausus
749 1100 884 1137 fuerat.

319 1173 462 1211 Verum
505 1172 704 1219 loquentes
738 1171 782 1208 de
829 1170 1006 1218 Gregorii
1048 1170 1179 1219 agendi
1215 1170 1387 1216 ratione,

266 1253 345 1282 non
382 1252 503 1280 tamen
542 1241 772 1279 statuendum
810 1241 886 1278 esse
922 1241 1145 1288 credimus,
1181 1241 1312 1288 Papam
1342 1240 1386 1278 il-

269 1313 348 1350 lum
373 1313 417 1349 ab
449 1311 557 1349 initio
596 1310 663 1348 fibi
701 1318 822 1348 totum
862 1308 933 1348 hoc
952 1338 963 1356 ,
995 1311 1098 1356 quod
1136 1309 1267 1348 deinde
1300 1309 1388 1348 effe-

264 1381 347 1430 cit,
375 1381 544 1432 partibus
580 1379 654 1418 suis
690 1379 898 1417 absolutum
931 1378 1166 1426 proposuisse
1188 1380 1273 1428 (3).
1311 1380 1389 1418 Ta·

266 1453 315 1491 lia
338 1451 534 1500 concipere
554 1450 702 1488 confilia
719 1478 731 1496 ‚
746 1458 853 1487 vasto
881 1448 1122 1486 Hildebrandi
1144 1449 1293 1497 ingenio
1309 1461 1386 1488 non

268 1521 459 1570 indignum
487 1528 562 1557 erat
575 1545 588 1564 ,
602 1519 661 1557 sed
676 1517 758 1556 ‘Fore
771 1527 813 1556 ut
828 1528 927 1556 tanta
947 1519 991 1557 ad
1008 1520 1115 1557 finem
1140 1521 1359 1567 perduceret
1373 1550 1386 1568 ‚

267 1600 475 1639 temporum
502 1589 644 1627 ratione
681 1587 836 1636 habita,
880 1588 913 1627 ei
944 1588 1085 1637 sperare
1117 1601 1194 1627 non
1223 1590 1386 1640 licebat3

1297 1674 1392 1710 quo·

303 1788 357 1823 (1)
379 1787 468 1816 Varia
485 1786 629 1820 artificia,
647 1794 723 1821 quae
755 1785 862 1814 cierici
882 1788 916 1815 ad
937 1788 1014 1815 bona
1042 1788 1248 1816 Eccrefiastica
1273 1790 1384 1818 tuenda

264 1845 481 1878 adhibuerunt,
511 1843 630 1877 egregie
656 1842 800 1877 exposuit
829 1843 995 1878 Planck,
1034 1846 1056 1872 1.
1084 1846 1124 1878 1.,
1152 1844 1206 1872 111.
1237 1846 1273 1872 Β.
1314 1854 1382 1881 pag.

269 1905 323 1935 607
347 1902 432 1934 seqq.

304 1957 356 1992 (2)
379 1956 462 1984 naec
482 1953 599 1984 omnia,
625 1952 786 1979 secundum
814 1951 1010 1985 Gregorii
1036 1953 1230 1989 sententiam,
1252 1963 1290 1983 ex
1317 1955 1382 1990 ipsa

265 2011 488 2042 Ecclcfiaszicae
528 2007 684 2042 potestatis
726 2008 829 2036 indole
871 2006 1086 2041 profluebant3
1140 2010 1260 2038 dicebat
1301 2011 1381 2040 enim

216 2091 220 2095 .
265 2066 513 2096 Herixnanno
553 2061 708 2096 Episcopo
745 2064 868 2091 Metenfi
898 2063 928 2090 in
967 2063 1123 2098 epistol-„11
1162 2067 1283 2094 Aurum
1322 2077 1380 2095 non

265 2131 327 2152 tam
356 2121 518 2158 pretiosius
549 2126 594 2146 est
617 2120 757 2153 plumbo,
781 2129 870 2154 quam
904 2119 992 2154 regia'
1011 2126 1167 2154 potestate
1194 2123 1293 2149 altior
1314 2122 1384 2158 dig-

262 2175 576 2211 nitasfacerdotalis.
606 2173 674 2201 Vid.
702 2172 916 2209 Gregorii,
948 2175 1050 2211 Epist.
1078 2175 1142 2204 Lib.
1166 2177 1257 2205 Vffl.
1284 2178 1375 2213 epist.

265 2238 315 2264 213
343 2239 373 2261 et
397 2231 573 2260 conseratur
597 2227 764 2263 Nauck,
786 2231 923 2260 1.c.1v.
943 2233 975 2260 Β.
995 2233 1019 2260 1.
1045 2231 1103 2260 Ab.
1126 2239 1192 2265 pag.
1213 2242 1267 2270 104
1301 2234 1346 2269 sq.

297 2287 351 2326 (3)
373 2286 466 2316 Cous.
491 2286 664 2320 nemen,
690 2286 815 2323 Gsvolg.
846 2287 900 2314 der
922 2288 1049 2316 Krm'st.
1073 2294 1142 2321 pag.
1163 2294 1212 2321 75.

742 2347 748 2371 θ

717 2387 731 2415 J
