1560 2860
467 253 850 304 ORATIO.
1182 245 1209 290 5

112 399 272 449 huncce
287 415 437 445 annum
451 432 463 453 ,
478 396 644 443 Patriae
671 409 761 439 eam
783 405 832 436 ac
851 384 1214 436 SocietatiChris-

108 480 245 539 tianae
282 486 322 522 et
350 472 659 521 conservaveris
700 478 739 515 et
766 468 907 513 utilem
932 466 1214 508 fructuosam-

111 571 192 614 que
219 553 471 600 reddideris!
493 579 544 585 —
575 547 739 607 Quodsi
766 546 810 591 in
839 557 1007 588 caussas
1032 537 1214 595 inquiri-

110 645 225 684 mus,
255 629 503 674 Auditores!
535 626 687 683 quibus
713 623 868 666 factum
900 619 981 671 sit,
1010 623 1056 660 ut
1083 617 1216 659 Bata-

110 722 258 752 vorum
295 706 340 749 in
367 702 631 755 Academiis,
663 714 829 758 semper
864 697 950 740 sere
977 690 1218 737 laudatissi-

112 800 204 830 mae
232 798 420 841 quaeque
451 788 560 825 artes
598 792 647 822 ac
679 774 923 833 disciplinae
956 772 1062 814 laete
1087 770 1219 812 ssore-

44 872 49 877 ’
111 868 232 916 rent,
264 868 304 904 et
331 859 432 902 alias
461 855 738 915 reperiemus,
770 859 810 896 et
853 850 963 893 hanc
1001 861 1088 891 non
1121 843 1222 888 ulti-

113 951 249 990 mam,
271 936 386 993 quod
411 933 636 978 admodum
663 929 931 974 liberalibus
948 924 1022 984 (1)
1037 923 1130 966 illae
1150 935 1224 964 re-

116 1020 329 1072 gerentur,
376 1011 534 1061 dicam,
580 1022 634 1050 an
679 1003 968 1062 erigerentur?
1010 998 1223 1043 institutis.

117 1090 235 1146 Quae
278 1079 504 1130 liberalitas
543 1091 584 1127 et
625 1083 799 1126 aliorum
840 1079 954 1123 haud
993 1089 1224 1136 paucorum

118 1163 295 1223 genitrix
324 1169 411 1206 erat
444 1161 681 1211 bonorum,
711 1165 751 1201 et
779 1155 1006 1206 efficiebat,
1032 1161 1100 1205 ut,
1132 1165 1228 1195 cum

118 1239 435 1286 professoribus
467 1236 744 1297 praecipuae,
776 1247 884 1290 quae
912 1231 1031 1287 vulgo
1050 1240 1230 1271 censen-

70 1307 74 1309 Δ
119 1326 217 1373 tur,
243 1317 498 1374 singularum
537 1311 851 1370 disciplinarum
883 1313 1026 1367 partes
1067 1305 1228 1348 docen-

123 1395 203 1440 dae
231 1395 572 1453 imponerentur,
604 1396 692 1433 tum
731 1400 832 1431 vero
875 1383 1013 1442 ampla
1053 1381 1105 1425 iis
1146 1393 1232 1438 op·-

124 1471 359 1532 portunitas
375 1477 415 1514 et
429 1467 597 1512 occasio
625 1466 794 1509 daretur
815 1461 963 1514 latius,
991 1474 1085 1503 cum
1100 1456 1234 1501 Com-

125 1548 407 1600 militonibus,
453 1545 498 1589 in
532 1543 817 1587 doctrinarum
851 1551 1047 1597 campum
1078 1548 1238 1589 exspa-

127 1626 280 1679 tiandi,
311 1632 435 1680 atque
467 1622 567 1665 alias
582 1620 780 1678 ‘ipsarum
808 1622 976 1674 partes,
1008 1612 1092 1656 sive
1124 1611 1238 1654 inte-

127 1704 260 1751 riores
307 1717 377 1746 eas
427 1699 512 1744 sive
552 1695 821 1746 remotiores,
860 1689 1119 1735 institutione
1162 1688 1238 1731 sua

129 1777 448 1838 complectendi.
512 1777 645 1828 Quam
672 1771 909 1815 facultatem
934 1782 1050 1820 cum,
1070 1772 1239 1825 patrum

129 1853 634 1908 nostrorum-nostraque
661 1847 890 1898 memoria,
921 1841 1240 1888 Professoribus
1271 1830 1273 1832 ’

131 1935 238 1979 bene
271 1939 439 1990 recepta
468 1927 728 1974 consuetudo
759 1922 1056 1975 concessisset3
1088 1919 1240 1962 diserte

132 2011 307 2056 eandem
352 2010 402 2053 iis
445 2004 704 2052 conservavit
744 1999 1049 2055 vindicavitque
1093 1993 1242 2055 optimi

134 2088 268 2132 nostri
295 2087 424 2145 Regis
461 2083 691 2144 sapientia,
725 2094 860 2137 quae,
893 2077 1040 2137 quinto
1080 2072 1244 2117 decimo

137 2163 259 2221 hujus
287 2162 439 2208 saeculi
477 2175 615 2213 anno,
645 2173 713 2203 res
751 2154 1015 2200 academicas
1056 2150 1249 2211 pruden-

140 2239 306 2284 tissimis
330 2239 577 2298 temperavit
601 2235 777 2294 legibus.
794 2231 866 2292 (2)
899 2231 976 2275 Cui
1002 2226 1248 2273 liberalissi-

139 2330 214 2362 mo
243 2316 428 2361 instituto
456 2315 615 2368 Vestri,
648 2312 841 2370 Collegae
871 2306 1110 2354 clarissimi!
1161 2304 1252 2347 dis-.-

1190 2392 1253 2422 ci-
