1483 2860
281 265 304 300 4
591 247 1111 288 PRAEFATio.

281 359 393 398 nimis
426 359 537 396 breve
567 357 655 397 fuit.
711 357 806 396 Dedi
841 366 990 403 tamen,
1029 357 1295 405 quod-potui,
1327 367 1405 396 non

282 431 385 477 quod
410 429 494 467 dare
527 427 655 465 debui.
709 426 815 472 Sed,
843 425 868 464 fi
907 426 1025 475 quid,
1052 428 1110 464 vel
1146 426 1268 464 minus
1297 438 1407 465 accu-

278 506 377 543 rate,
417 496 476 533 vel
524 495 647 532 minus
684 494 807 532 limate
851 494 1030 543 scriptum
1066 494 1155 532 mihi
1197 494 1402 543 exciderit,

278 566 381 612 quod
418 564 561 612 saepius
592 563 730 601 factum
771 560 847 601 esse
871 563 963 601 mihi
1008 562 1215 612 persuasum
1249 564 1403 613 habeo,

277 635 361 673 huic
397 632 572 672 infantiae
601 646 700 672 meae
736 633 775 671 in
802 641 926 671 vestra
957 632 1236 681 benivolentia,
1264 644 1312 672 ne
1338 635 1403 673 de·

270 702 318 742 fit
355 704 572 753 praelidium
606 703 715 741 etiam
740 712 854 751 atque
881 703 990 740 etiam
1016 713 1127 751 rogo,

272 802 274 804 v
324 774 528 822 Postquam
549 773 712 811 animum
738 773 784 811 ad
804 771 1043 810 scribendum
1071 773 1312 821 appuleram,
1340 784 1402 812 ca·

265 845 432 882 -vendum
454 844 544 882 mihi
560 843 782 890 videbatur,
806 853 855 879 ne
871 870 884 889 ,
912 851 976 879 aut
1001 851 1171 880 motuum
1203 843 1403 880 bellorum·

273 924 347 960 que
368 913 534 951 civilium
571 911 766 950 historiam
804 911 985 949 traderem
1005 938 1019 957 ,
1046 919 1111 949 aut
1138 911 1400 950 Gulielmi

268 984 389 1021 -vitam
419 993 456 1020 et
479 995 538 1021 res
561 990 684 1031 gestas
714 992 944 1027 enarrarem,
975 990 1037 1019 aut
1063 980 1225 1029 elogium
1256 989 1400 1020 tantum

262 1053 556 1091 conscriberem.
608 1053 728 1092 Pauca
753 1060 906 1098 tamen,
945 1051 991 1090 ad
1015 1050 1210 1089 historiam
1238 1059 1275 1088 et
1309 1050 1401 1089 Rei·

270 1123 444 1172 publicae
472 1122 602 1161 statum
635 1121 858 1171 pertinentia
885 1120 1039 1159 subinde
1070 1119 1267 1168 ingerenda
1297 1119 1400 1158 vide-

272 1194 436 1241 bantur,
484 1201 528 1231 ut
559 1203 655 1240 quae
695 1192 740 1230 ad
772 1189 1033 1231 Gulielmi
1065 1189 1299 1237 prudentiam
1328 1191 1399 1228 rite

271 1263 524 1311 explicandam
550 1261 705 1300 omnino
727 1259 928 1298 necessaria
955 1258 1089 1297 essent.
1119 1259 1274 1308 Saepius
1300 1271 1398 1307 quo·

270 1343 346 1380 que
365 1332 485 1381 ipsius
499 1330 749 1370 Gulielmi
777 1328 964 1367 orationes
990 1331 1048 1367 vel
1068 1328 1191 1367 literas
1206 1329 1398 1377 ,aliquan-

266 1404 318 1440 do
351 1403 512 1450 integras
529 1429 543 1448 ,
570 1399 772 1448 aliquando
801 1399 1009 1447 paullulum
1046 1407 1255 1437 contractas
1273 1427 1286 1446 ‚
1317 1407 1394 1437 tra·

265 1471 359 1511 didi.
413 1469 736 1521 Quemadmodum
761 1468 858 1506 enirn
893 1479 937 1506 ex
977 1479 1104 1517 ungue
1141 1468 1230 1515 leo,
1259 1467 1310 1506 ita
1347 1480 1392 1508 ex

267 1542 342 1580 illis
383 1539 640 1579 Gulielmi
668 1537 863 1587 prudentia
887 1536 1029 1586 optime
1068 1537 1328 1586 cognoscitur.

313 1613 357 1651 In
394 1621 526 1659 magna
551 1608 714 1647 fontium
753 1608 921 1645 ubertate
951 1619 1015 1644 eos
1037 1616 1180 1644 tantum
1209 1608 1390 1656 adhibui,

263 1682 331 1731 qui
357 1682 403 1720 ad
430 1688 690 1729 argumentum
728 1688 902 1716 nostrum
943 1678 1003 1715 vel
1035 1677 1193 1715 maxime
1227 1676 1393 1725 spectant

260 1760 299 1790 et
337 1750 407 1789 fide
433 1747 637 1798 dignissimi
658 1747 757 1786 sunt.
812 1746 940 1796 Quare
965 1747 1171 1793 strada,
1198 1746 1358 1795 aliisque
1376 1775 1391 1795 ‚

263 1832 362 1868 quos
400 1819 526 1857 videre
554 1818 646 1856 mihi
678 1828 756 1855 non
791 1817 917 1855 datum
958 1826 1040 1863 est,
1079 1815 1228 1854 facilius
1265 1828 1389 1855 carere

258 1888 385 1938 potui.
437 1888 597 1935 Propter
627 1886 836 1935 argumenti
865 1886 1147 1934 amplitudinem
1188 1888 1388 1926 nonnullas

260 1971 318 1998 res
332 1987 345 2006 ,
372 1956 436 1996 etsi
456 1966 665 1995 memoratu
682 1955 912 2005 dignissimas
927 1962 1121 2002 ,accurate
1153 1966 1301 1994 narrare
1323 1957 1394 1995 mi-

259 2030 298 2068 hi
321 2039 399 2067 non
424 2026 543 2066 licuit.
596 2027 757 2074 Itaque,
783 2025 810 2064 fi
841 2024 1041 2073 aliquando
1065 2025 1245 2073 brevior,
1274 2037 1386 2074 quam

259 2110 326 2150 par
369 2108 478 2145 erat,
524 2097 562 2134 in
595 2094 826 2145 expositione
873 2094 956 2140 fui,
1006 2093 1174 2142 optimos
1213 2106 1389 2144 quosque

258 2168 455 2217 scriptores
482 2167 628 2205 laudare
660 2166 803 2206 curavi.
831 2186 886 2197 -
919 2164 1082 2212 valete,
1114 2163 1184 2203 viri
1224 2165 1399 2204 Clarisfi·

258 2239 337 2287 mi,
363 2236 534 2287 mihique
572 2236 725 2276 favete!

1210 2319 1218 2339 ’-
1277 2331 1386 2372 CA·
