1483 2860
318 174 991 228 MATHEMATICA.
1143 182 1205 214 121

113 297 249 349 quibus
275 292 481 334 substitutis
508 290 548 327 in
578 286 798 336 aequatione
823 284 908 333 (e),
936 282 1124 321 obtinetur
1147 292 1233 320 sae--

112 366 239 416 quatio
266 359 516 403 differentialis
554 355 828 407 projectionum
871 353 1048 391 linearum
1084 361 1214 389 curva-

111 446 215 485 turae
241 435 282 473 in
313 435 422 483 plano
445 438 504 479 x'y
521 456 534 476 ‚
561 438 656 476 quae
680 424 852 473 aequatio
877 421 1128 460 differentialis
1160 429 1216 459 est

113 505 366 554 integranda-‚⁷
391 496 577 544 Constans
614 506 704 534 vero
737 491 927 532 arbitraria
962 491 1017 537 C,
1044 500 1138 536 quae
1160 499 1219 526 ae-

113 571 502 625 qua-tionijntegratae
527 566 609 607 addi
625 566 741 612 solet,
775 564 825 602 ita
852 561 1115 600 determinetur
1130 587 1143 606 ,
1175 566 1219 597 ut

113 655 232 702 curva
265 642 306 687 in
332 637 532 690 *superficie
575 647 640 686 per
672 635 799 672 datum
826 640 1010 682 punctum
1043 636 1220 668 transeatE

112 704 318 772 ᾼζῑιῐῐιεη,
353 709 411 755 uti
436 716 538 757 patet
561 718 581 744 e
618 703 778 743 formula
808 702 869 751 (e)
894 701 1025 739 haecce
1049 696 1221 736 constans

113 782 293 844 secundae
314 778 521 830 >potestatis
538 805 553 825 ,
589 786 676 825 ergo
703 771 863 813 admittit
889 781 958 820 pro
996 777 1225 818 quocunque

113 860 258 903 puncto
288 847 494 899 superficiei
528 847 624 886 duos
656 843 819 883 diversos
852 842 1019 886 valoresf
1078 837 1144 885 qui
1177 837 1224 876 ad

115 923 199 966 illas
245 921 336 960 duas
376 919 491 959 lineas
544 923 763 956 curvaturae
809 909 940 961 puncti
987 908 1061 948 dati
1110 906 1225 958 perti·

117 999 222 1045 nent
234 991 292 1041 ι).

610 1136 647 1183 §-
688 1144 757 1182 49·

173 1285 340 1326 Tandem
379 1288 438 1321 est
460 1280 507 1319 de
532 1274 790 1316 intersectione
824 1269 1122 1319 subsequentium
1144 1279 1233 1307 nor·

123 1356 273 1397 malium
307 1348 515 1391 observatio
548 1348 682 1386 haecce
719 1344 858 1392 digna,
899 1352 994 1390 quae
1029 1350 1235 1387 cognosca-

123 1437 212 1467 tur.⁴
237 1426 350 1465 Plana
380 1419 558 1461 normalia
580 1427 649 1468 per
677 1421 817 1467 puncta
838 1409 1095 1458 subsequentia
1116 1407 1234 1446 lineae

123 1504 341 1536 curvaturae
352 1492 492 1541 primae
506 1488 617 1528 ducta
630 1484 867 1525 conformant
892 1479 1121 1530 superficiem
1145 1487 1234 1516 evo·

125 1566 307 1613 labilem,
333 1562 442 1612 cujus
467 1561 564 1598 latus
589 1556 766 1596 reflexum
803 1551 1061 1591 conformatur
1099 1559 1119 1586 a
1148 1556 1235 1586 cen-

126 1637 196 1677 tris
231 1633 458 1674 circulorum
492 1628 745 1668 osculatorum
777 1623 893 1662 lineae
921 1621 1035 1669 huius
1062 1624 1239 1655 curvatu-

127 1721 203 1751 rae.
256 1705 296 1746 Si
322 1715 381 1743 res
416 1702 467 1741 ita
487 1701 523 1740 se
548 1699 658 1738 habet
677 1697 715 1735 in
736 1693 911 1734 omnibus
939 1689 1046 1730 lineis
1072 1687 1237 1738 eJusdem

129 1786 380 1822 curvaturae,
418 1771 610 1811 obtinetur
649 1766 827 1816 quaedam
877 1761 986 1801 series
1029 1757 1240 1808 superficie-

130 1862 212 1890 rum
237 1843 506 1890 evolubilium‚
528 1850 685 1890 quarum
708 1838 821 1875 latera
847 1833 980 1873 reflexa
1008 1828 1240 1868 constituunt

130 1916 361 1970 superficiem
381 1923 532 1953 curvam
547 1939 561 1959 ‚
575 1910 614 1949 in
635 1920 709 1958 qua
730 1904 853 1945 omnia
865 1911 990 1942 centra
1015 1899 1242 1940 circulorum

134 1990 387 2030 osculatorum
411 1983 590 2023 linearum
624 1977 764 2029 primae
781 1983 996 2015 curvaturae
1017 1972 1143 2010 locum
1180 1978 1245 2006 oc-

135 2067 304 2108 cupant,
331 2064 368 2094 et
395 2064 489 2104 quae
513 2051 558 2091 ab
582 2048 758 2090 omnibus
792 2044 977 2095 tangitur,
1005 2041 1093 2079 haec
1119 2036 1246 2086 super-

137 2123 239 2163 ficies
271 2127 413 2171 praeter
451 2118 589 2157 hancce
615 2114 725 2153 habet
763 2112 911 2151 alteram
950 2109 1090 2157 partem
1131 2102 1246 2153 (nap-

1176 2171 1242 2224 (1²⁶

183 2283 220 2325 ι)
240 2287 309 2317 vid.
332 2264 478 2320 Lexey.
503 2285 525 2313 1.
546 2283 565 2313 1.
584 2281 611 2319 S.
630 2290 696 2319 324.
714 2289 746 2318 p.
762 2284 827 2316 289.
