1483 2860
149 173 196 213 ¹6
378 170 1039 213 COMMENTATIO

145 281 313 332 quotidie
338 279 511 319 increscit
535 281 649 330 magis
669 282 863 331 magisque
878 308 892 328 ,
920 290 956 320 et
980 283 1019 321 in
1044 283 1125 321 vase
1145 284 1259 333 pleno

146 353 213 394 illo
225 349 285 390 die
304 359 428 389 motus
445 351 622 398 calorque
637 349 839 389 suffocatur
852 380 866 400 ‚
880 360 922 390 ut
945 351 1020 390 fere
1037 364 1081 390 eo
1100 353 1160 392 die
1177 365 1259 393 ces-

147 422 239 462 sent.
269 422 367 460 Hinc
391 423 528 458 alterne
551 419 785 458 fermentatio
811 430 847 459 et
869 411 971 460 calor
990 423 1064 471 Jam
1089 422 1128 460 in
1153 434 1257 472 uno,

144 497 217 546 jam
249 492 287 529 in
317 491 432 530 altero
465 489 546 527 vase
577 488 773 536 definunt,
813 490 1096 540 resurguntque.
1154 493 1261 532 Con-

147 563 311 602 tinuatur
329 569 448 598 autem
471 559 587 596 hocce
609 569 707 607 opus
723 559 840 596 donec
859 561 1004 598 tandem
1029 563 1131 600 calor
1148 562 1259 602 etiam

149 632 186 671 in
211 630 291 669 vase
303 631 415 678 pleno
439 627 843 677 exstinguitur‚neque
865 637 991 667 motus
1012 631 1171 680 amplius
1191 632 1263 682 fit,

148 709 228 740 tum
267 699 407 748 lignum
447 698 603 736 habetur
637 696 932 737 fermentationis
967 699 1152 748 perfectae
1182 713 1265 741 ace·

150 770 262 809 tolae.
324 767 449 818 Quare
483 766 590 805 etiam
627 775 769 805 acetum
800 777 968 816 paratum
1007 769 1108 807 cadis
1128 776 1264 809 &recon-

149 839 266 879 ditum
299 837 484 876 obturatis
525 835 703 876 servatur.
782 837 871 888 Quo
912 837 1112 878 fervidiore
1142 842 1267 880 calore

151 916 294 948 aestuat
328 906 475 950 officina
519 907 635 953 haec,
663 918 707 945 eo
731 906 844 945 citius
877 907 1042 947 absoluta
1078 918 1136 949 est
1173 911 1269 950 aceti

151 977 364 1026 confecti03
395 988 496 1025 *quae
521 975 665 1015 aestivo
691 986 859 1026 tempore
886 978 1098 1026 quindecim
1131 980 1266 1020 diebus

152 1047 313 1098 perfecta
337 1054 409 1085 est.
461 1046 641 1094 Hyberna
660 1055 783 1085 autem
810 1056 1027 1097 tempestate
1053 1051 1166 1100 longe
1187 1034 1269 1090 lenss

153 1118 230 1157 tius
262 1115 519 1166 protrahitur3
549 1116 642 1165 quin
671 1117 781 1163 etiam
803 1126 994 1157 aestuante
1017 1121 1113 1159 coeli
1141 1120 1270 1160 fervo-⁴

155 1199 222 1235 re,
249 1195 313 1226 aut
342 1186 486 1230 officina
516 1187 623 1225 valde
657 1186 860 1236 calefacta,
900 1200 998 1238 opus
1042 1189 1148 1240 saepe
1197 1191 1270 1230 erit

120 1284 126 1287 -
153 1258 307 1308 fingulis
342 1257 538 1296 duodecim
573 1257 677 1296 horis
718 1258 764 1296 de
800 1259 912 1306 pleno
940 1256 1178 1308 semiplenum
1202 1255 1274 1299 ini-

156 1330 283 1378 plere‚
337 1327 512 1376 quoniam
545 1327 650 1365 aliter
690 1327 729 1365 in
771 1326 972 1376 semipleno
1004 1337 1130 1368 tantus
1168 1332 1270 1370 calor

159 1406 197 1436 et
226 1397 459 1436 fermentatio
487 1396 717 1444 exoriretur,
752 1406 812 1435 fut
841 1397 992 1445 spiritus
1026 1399 1105 1436 vini
1136 1401 1275 1438 volati-

159 1468 239 1515 les,
265 1468 422 1505 necdum
455 1465 540 1505 satis
575 1466 703 1514 fixafi,
740 1475 845 1504 tanto
879 1465 1028 1505 fervore
1057 1468 1275 1517 dissiparen-

159 1545 224 1576 tur
247 1537 292 1575 de
328 1537 446 1583 virm,
485 1536 700 1584 priusquam
734 1536 774 1574 in
804 1536 949 1575 acidum
984 1537 1077 1576 aceti
1104 1536 1272 1587 spiritum

161 1605 281 1649 vincti
302 1605 420 1644 essent
444 1613 556 1653 atque
581 1603 661 1644 fixi.
715 1604 827 1644 Tunc
850 1605 947 1643 enim
976 1617 1097 1655 vappa
1123 1606 1274 1655 quidem

163 1683 326 1727 maneret
342 1703 356 1722 ‚
383 1684 512 1724 postea
544 1675 670 1722 acida,
697 1673 760 1714 secl
786 1687 880 1724 quae
915 1676 1020 1715 nullo
1058 1677 1171 1715 modo
1196 1689 1279 1716 ace-

164 1754 244 1792 tum
278 1745 494 1795 generosum
527 1745 730 1784 exhiberet.
795 1746 995 1794 Propterea
1027 1758 1180 1797 quoque
1213 1757 1280 1786 vas

165 1802 429 1864 semiplenum,
457 1815 496 1854 in
520 1826 597 1864 quo
619 1824 790 1855 aestuans
807 1816 958 1866 agitatio
982 1816 1127 1855 obtinet
1137 1833 1155 1865 ·,
1170 1828 1283 1866 oper-

164 1888 254 1934 culo
290 1887 431 1935 semper
463 1894 631 1925 accurate
656 1887 935 1925 accommodato
966 1885 1015 1925 fic
1041 1886 1202 1925 clausum
1227 1896 1286 1926 te·

169 1958 296 2007 gitur,
338 1966 381 1995 ut
411 1956 538 2005 agitati
575 1957 734 2005 liquoris
767 1955 938 2004 spumans
974 1956 1144 1995 ebullitio
1178 1967 1285 1994 coer-

169 2038 295 2068 ceatur
322 2029 641 2076 retundaturque,
670 2038 747 2076 quo
771 2026 904 2075 repulsi
940 2025 1091 2076 spiritus
1131 2037 1175 2065 eo
1201 2026 1286 2065 diu-

167 2101 248 2139 tius
284 2098 496 2147 fortiusque
530 2105 638 2145 agant
671 2097 711 2135 in
750 2106 940 2135 austerum
973 2107 1141 2144 corpus,
1181 2097 1282 2146 ejus·

169 2172 246 2218 'que
271 2169 454 2208 reactione
478 2167 706 2207 vinciantur.
757 2166 943 2217 Opercula
978 2166 1086 2205 etiam
1119 2167 1207 2206 haec
1234 2167 1281 2207 de

173 2240 303 2294 >eodem
350 2238 595 2278 conficiantur
628 2238 745 2287 ligno.
823 2237 900 2276 Vas
941 2246 1062 2277 autem
1101 2237 1284 2286 repletum

1210 2316 1287 2345 non
