1483 2860
313 150 938 197 vTHEOLoGICA.
1129 164 1201 204 105

88 267 256 315 infesto,
281 266 327 304 in.
361 263 560 305 Germania
599 262 634 302 se
673 264 976 313 conjunxerunt,
998 263 1201 312 synodum

92 336 341 380 Wormatiam
386 343 640 373 convocarunt
665 363 678 382 ‚
721 343 834 381 atque
883 333 936 370 ibi
972 333 1204 380 Gregorium

87 408 176 448 VII.
202 406 387 446 variorum
414 405 668 453 flagitiorum,
708 416 749 442 ac
782 404 957 442 scelerum
995 402 1203 441 accusatum

90 489 112 516 a
145 477 226 516 sede
251 475 372 526 papali
402 475 584 524 deJectum
611 472 686 511 esse
710 474 950 511 decreverunt
980 473 1064 522 (1).

141 547 203 586 Ex
237 545 295 584 his
328 555 449 582 tamen
494 545 539 582 de
582 543 767 581 coelibatu
798 542 1054 590 observando,
1083 542 1127 581 de
1162 541 1207 580 sl·

94 612 223 655 monia
257 615 449 661 tollenda,
495 612 655 660 aliisque
688 612 863 662 Gregorii
895 612 1053 651 decretis
1099 611 1211 650 effici-

95 696 180 725 mus
214 686 308 723 hanc
341 683 526 723 Ecclesiae
551 684 590 722 in
616 683 738 732 capite
764 691 800 721 et
831 683 1006 721 membris
1043 683 1213 721 emenda-

95 738 267 803 tionem,
295 766 404 803 quam
446 753 625 803 spectavit
663 753 896 803 Gregorius,
935 764 1013 791 non
1047 754 1092 791 ad
1124 753 1214 790 doc-

98 825 253 872 trinam,
283 824 344 863 sed
367 825 412 863 ad
441 836 563 863 mores
592 823 681 862 cleri
715 823 1017 872 corruptissimos
1044 822 1114 872 (2)
1139 823 1217 862 esse

100 894 327 933 referendam
345 907 357 942 3
374 893 690 941 doctrinamsenim
708 893 830 931 minus
854 893 1065 931 attendebat
1080 921 1093 940 ‚
1107 904 1218 941 quam

103 963 202 1001 suam
226 962 341 1012 ipfius
367 963 646 1011 auctoritatem,
673 963 734 1001 cui
758 963 844 1001 haec
864 974 1010 1001 morum
1045 963 1218 1001 emenda·

101 1033 157 1071 tio
181 1032 343 1072 favebat.
396 1033 621 1081 Gregorium
644 1041 765 1071 autem
788 1033 994 1071 doctrinam
1015 1044 1093 1071 non
1118 1044 1219 1083 mag-

96 1102 142 1140 ni
176 1101 305 1141 fecisse
340 1114 385 1141 ex
419 1101 557 1139 mitiori
589 1102 668 1151 ejus
690 1102 822 1151 agendi
853 1104 997 1141 ratione
1036 1114 1120 1151 erga
1153 1103 1222 1140 Be·

101 1171 310 1220 rengarium
334 1181 451 1221 patet.
506 1172 579 1210 Hic
600 1172 708 1221 supra
745 1171 798 1211 sui
834 1172 914 1211 aevi
950 1174 995 1211 de
1035 1174 1084 1211 δ’·
1123 1172 1224 1211 Coe-

105 1253 152 1280 na
168 1253 310 1280 errores
333 1242 370 1280 se
395 1243 553 1280 evehens
570 1270 583 1290 ,
610 1242 817 1280 haereticus
834 1243 1066 1290 habebatur3
1096 1253 1226 1292 quam-¹

105 1311 163 1351 vis
193 1312 291 1350 enim
327 1323 404 1350 non
430 1311 603 1350 dilucidis
632 1311 756 1350 verbis
799 1322 976 1361 negaret,
1008 1312 1131 1363 Jcsum
1158 1313 1226 1352 sub

106 1382 184 1420 vini
218 1382 400 1431 panisque
432 1381 545 1431 signis
573 1381 795 1430 praesentem
824 1383 974 1431 adesse,
1000 1392 1122 1422 tamen
1159 1383 1229 1422 do·

108 1452 215 1490 cebat
237 1453 344 1501 panis
365 1452 519 1500 vinique
546 1451 778 1491 substantiam
796 1463 886 1502 post
909 1452 1224 1492 consecrationem

111 1532 326 1570 remanere,
359 1531 472 1569 atque
506 1521 600 1559 nihil
640 1522 797 1570 amplius
829 1522 1038 1571 superesse,
1077 1523 1144 1562 nisi
1185 1524 1228 1562 fi·

111 1602 221 1640 gui-as
234 1592 402 1640 corporis
426 1600 462 1629 et
474 1591 660 1640 sanguinis
675 1592 821 1631 Christi
845 1594 927 1643 (3).
958 1593 1195 1634 Lanstancus
1212 1623 1227 1644 ‚

1148 1678 1229 1704 mo·

145 1743 199 1782 (1)
220 1744 311 1772 Conf.
344 1743 520 1781 ViHers,
552 1745 664 1781 Essax‘‚
692 1753 754 1776 etc.
785 1755 841 1782 pag
888 1756 956 1783 4¹2·
989 1754 1040 1785 et,
1070 1757 1160 1784 quem
1179 1748 1231 1779 hic

109 1799 233 1834 citavit,
254 1799 405 1835 Philip.
428 1801 490 1829 Mo
503 1808 598 1835 rnay
616 1800 647 1829 in
670 1803 757 1832 Hist.
779 1805 938 1839 papatus,
957 1805 993 1833 ad
1011 1813 1119 1833 annum
1142 1810 1230 1837 1080.

150 1856 204 1891 (2)
225 1855 297 1885 Vid.
322 1857 359 1885 de
385 1857 534 1886 Ecclefiae
556 1859 628 1886 statu
660 1867 691 1888 et
714 1860 896 1888 clericorum
916 1860 1064 1896 pravitate
1086 1863 1233 1902 Gregof

114 1911 286 1948 riiEpist.
315 1913 383 1943 Lib.
407 1915 440 1950 1,
471 1915 562 1950 epist.
582 1924 643 1952 423
672 1916 744 1946 Lib.
767 1918 816 1952 11,
846 1918 938 1953 epist.
967 1926 1022 1955 49,
1052 1920 1139 1950 aliae.
1171 1925 1235 1951 Pe·

114 1977 202 1999 trus
239 1971 447 2000 Damianus
482 1971 555 2001 item
584 1973 701 2002 strenue
733 1974 763 2002 in
794 1977 901 2003 horum
943 1976 1125 2006 clericorum
1158 1978 1234 2018 vitiq

116 2028 146 2057 id
172 2027 318 2063 temporis
348 2028 571 2066 invehebatur,
599 2050 623 2066 ,‚
647 2031 747 2058 Arma
769 2033 899 2068 potius,
927 2042 1015 2061 arma
1047 2036 1234 2071 corrips‘mut

118 2105 141 2122 ,‚
162 2086 348 2119 vibrantia,
375 2087 449 2113 telis
474 2087 538 2114 tela
563 2087 770 2123 confirimus,
798 2096 851 2124 ct,
873 2099 929 2118 non
947 2093 1062 2128 verbo,
1078 2091 1234 2128 sedferro

113 2159 139 2183 ν
159 2147 266 2167 eontra
287 2143 388 2169 nostru·
417 2143 536 2171 ordinis
565 2146 702 2180 regulam
730 2145 950 2176 dimicamus.”
976 2149 1076 2183 Epist.
1102 2150 1173 2179 Lib.
1203 2152 1235 2187 1,

116 2204 208 2232 epist.
234 2204 278 2230 15·

158 2253 212 2291 (³)
233 2254 327 2283 Bere
338 2254 491 2290 agerius
509 2256 633 2288 minime
649 2257 794 2289 dicendus
805 2267 852 2292 est
868 2262 1236 2301 transubstantiatio-te,

1195 2314 1237 2354 ‘ae
