1483 2860
497 228 563 256 DE
615 214 917 254 ACETO.
1229 229 1280 266 4⁷

167 327 436 372 continuatur,
473 325 591 362 donec
633 323 889 361 tantummodo
922 323 1087 373 superest
1124 328 1284 376 {faceti

166 397 325 437 adhibiti
368 406 453 445 pars
495 393 533 431 in
573 402 737 442 retorta;
791 395 967 442 quoniam
1007 396 1284 446 destillatione,

166 468 323 508 ulterius
351 467 570 515 protracta,
616 472 762 503 acetum
788 462 898 502 facile
933 467 1284 513 empyreumaticum

170 538 354 577 evaderet.
430 534 594 574 Additur
632 543 754 573 autem
792 534 905 573 carbo
935 543 979 574 ut
1008 545 1287 584 praecaveretur

173 608 376 656 quominus
420 605 548 654 portio
601 606 779 653 quaedam
832 606 928 644 aceti
967 607 1288 655 ‘empyreumatica

169 677 369 724 transiret,
396 686 402 707 1
422 684 502 714 tum
527 684 565 714 et
591 675 641 713 ob
675 675 848 714 carbonis
873 676 1168 725 proprietatem,
1206 689 1288 716 ace-

173 757 255 788 tum
277 749 322 786 ab
351 747 467 786 odore
491 748 609 786 crudo
625 774 638 794 ,
679 757 790 794 quem
816 746 1036 795 ceteroquin
1058 746 1167 786 facile
1201 748 1289 786 reti-

171 828 263 867 net,
279 817 480 858 liberandi.
507 818 601 856 Post
622 817 906 856 destillationem
930 818 990 856 hic
1015 827 1177 857 remanet
1194 830 1290 858 mas-

167 889 206 928 sa
234 888 338 927 acida
366 886 597 936 extractiva‚
634 887 723 926 olim
747 889 853 939 Sapa
877 890 976 926 aceti
1000 897 1159 938 vocata,
1196 901 1291 938 quae

166 958 280 997 facile
306 957 637 1006 empyreumaticas
672 957 921 1006 proprietates
958 958 1143 1007 acquirit,
1180 971 1291 1007 quae·

169 1040 267 1078 que,
301 1029 454 1078 quando
483 1036 627 1068 acetum
651 1039 742 1068 v.c.
773 1029 811 1066 in
838 1029 1075 1067 commodum
1091 1028 1289 1068 fabricato-

167 1109 252 1138 rum
285 1097 454 1138 cerussae
495 1098 745 1137 destillatione
785 1106 962 1146 paratur,
1015 1097 1127 1137 semel
1168 1098 1289 1139 adhuc

167 1165 256 1209 cum
295 1170 451 1209 dimidio
484 1168 540 1208 sui
581 1168 787 1209 voluminis
828 1180 944 1218 aquae
980 1168 1095 1207 mixta
1125 1169 1291 1208 destilla-

164 1249 228 1280 tur
257 1241 316 1290 1).

215 1310 366 1359 Liquor
383 1310 456 1348 hoc
481 1309 594 1347 modo
624 1308 662 1345 in
685 1308 858 1357 excipulo
881 1308 1086 1356 acquifitus
1111 1317 1168 1348 est
1180 1309 1290 1353 deca-

165 1383 225 1421 lor
245 1389 358 1428 atque
386 1390 504 1427 aeque
518 1390 559 1417 ac
578 1390 671 1427 pura
696 1390 793 1426 aqua
815 1379 1039 1427 pellucidus.
1067 1379 1287 1419 Est‘autem

165 1451 292 1491 minus
307 1457 585 1488 concentratum
602 1449 748 1487 acidum
762 1476 776 1496 ,
806 1460 916 1498 quam
934 1458 1078 1488 acetum
1100 1451 1288 1499 crudum,

167 1535 188 1562 e
220 1533 300 1570 quo
332 1519 592 1569 acquirebatur
628 1519 705 1568 2);
736 1528 865 1577 vatque
901 1520 996 1558 ratio
1024 1519 1291 1569 fimplicissima

169 1602 226 1632 est
242 1621 256 1641 ,
283 1592 378 1631 acidi
401 1592 579 1639 quaedam
603 1600 689 1638 pars
712 1590 869 1628 maxime
892 1599 1154 1639 concentrata,
1169 1602 1288 1640 quae,

129 1691 140 1710 ,ψ
166 1672 343 1713 vergente
383 1663 429 1701 ad
464 1661 576 1701 finem
612 1659 895 1708 destillatione,
946 1661 1104 1699 transire
1138 1661 1288 1701 debuis-

166 1733 249 1782 set,
289 1733 328 1770 in
365 1739 506 1770 retorta
535 1739 715 1770 remanet.
774 1732 848 1770 Est
883 1740 1004 1769 autern
1040 1740 1184 1771 acetum
1212 1733 1286 1773 hoc

167 1806 282 1844 modo
317 1803 544 1844 destinatum
577 1802 805 1841 combinatio
828 1801 1018 1850 purisfimi
1044 1802 1140 1841 acidi
1158 1803 1288 1842 acetici

164 1888 251 1915 cum
287 1886 384 1923 aqua
400 1902 414 1922 ,
443 1882 480 1912 et
507 1872 741 1922 mucilaginis
776 1884 890 1921 parva
915 1873 1149 1922 quantitate,
1176 1882 1289 1923 atque

160 1946 426 1986 tantummodo
465 1943 626 1993 aquosae
662 1952 786 1993 partes
818 1952 855 1981 et
889 1943 1075 1992 mucilago
1111 1951 1155 1982 ut
1188 1943 1289 1993 sepa-

167 2026 297 2056 rentur
340 2024 522 2065 oportet,
580 2023 626 2053 rut
683 2013 896 2064 acquiratur
941 2014 1088 2053 tandem
1134 2014 1288 2065 purissi-

161 2093 164 2097 ’
1181 2091 1283 2119 mum

212 2183 246 2221 ι)
266 2186 293 2222 J.
315 2185 346 2223 J.
369 2184 610 2220 Berzelius,
632 2183 746 2214 Lehrb.
768 2184 823 2213 der
844 2182 980 2219 Chimie‚
1005 2184 1067 2213 111.
1089 2185 1171 2213 Band
1189 2184 1282 2214 Abth.

162 2242 200 2270 ·11
232 2253 265 2280 ps
286 2249 375 2278 κοῖα,
394 2243 416 2272 i.
436 2250 465 2270 n.

209 2304 243 2338 2)
264 2300 403 2329 Diction.
427 2301 602 2335 technolog.
624 2301 693 2329 Art.
713 2299 797 2329 acia.
820 2306 920 2335 acet„
946 2306 1012 2335 pag.
1034 2307 1080 2334 53.
