1560 2860
299 278 358 327 68
645 275 1031 323 ORATIO.

304 420 473 462 Victor
502 416 569 460 Tu
597 416 720 461 etiam
743 416 834 473 jure
860 415 944 459 dici
974 413 1140 473 possis,
1171 429 1222 459 ac
1252 417 1308 462 sis
1339 432 1413 462 re-

302 507 415 538 vera.
490 491 554 535 Ita'
580 506 681 536 vero
706 491 872 537 laeteris
901 497 1070 549 oportet
1097 497 1137 534 et
1164 492 1411 537 laetaberis,

301 582 510 626 auguror,
542 575 613 621 ut,
645 567 925 624 quodcunque
958 565 1131 609 honoris
1169 567 1230 610 vel
1272 567 1412 625 gaudii

300 657 412 686 nunc
438 641 537 686 Tibi
579 640 799 700 obtigerit,
845 649 915 686 aut
942 640 1039 684 olim
1076 640 1287 700 obtingat,
1316 642 1412 687 Deo

299 718 344 762 id
381 708 598 777 acceptum
635 718 816 771 referas,
864 725 989 773 atque
1022 716 1066 760 in
1092 717 1234 775 Ipsius
1271 717 1415 762 hono-

300 809 389 849 rem
418 792 717 851 hominumque
747 794 921 838 salutem
953 794 1166 838 conferas!

481 947 724 991 JumcmM
756 959 955 990 onmms
985 940 1230 991 Jc'rromm.

351 1096 438 1139 'Ad
471 1098 806 1154 quaestionem:
839 1095 983 1152 Quum
1001 1095 1045 1138 in
1073 1095 1309 1140 doctrinam
1332 1095 1416 1141 Ju-

299 1173 358 1217 ris
395 1172 600 1217 Hodierni
625 1172 676 1216 de
713 1172 1059 1217 conventionibus
1082 1173 1307 1217 maximam
1329 1174 1414 1219 vim

299 1249 492 1294 habuerit
515 1250 592 1294 Jus
629 1249 894 1303 Romanum,
925 1257 965 1294 et
990 1257 1132 1294 tamen
1153 1250 1198 1293 in
1235 1250 1317 1295 hac
1340 1250 1415 1310 ip-

299 1342 346 1370 sa
393 1326 585 1370 doctrina
626 1326 817 1385 insignes
849 1326 932 1371 sint
961 1327 1070 1371 inter
1099 1328 1164 1384 jus
1191 1318 1414 1385 utrumque

299 1403 587 1458 diversitates3
630 1403 792 1460 quaerit
831 1403 981 1457 Ordo,
1033 1411 1080 1448 ut
1116 1404 1414 1462 investigetur,

296 1494 532 1542 quaenam,
573 1486 662 1523 tum
698 1479 839 1536 quoad
869 1469 1101 1539 principia,
1151 1488 1239 1525 tum
1272 1482 1412 1538 quoad

297 1555 576 1613 generaliores
611 1556 933 1600 conventionum
968 1554 1166 1611 effectus,
1195 1558 1306 1602 inter
1333 1557 1411 1602 Jus

295 1633 537 1677 Romanum
589 1639 630 1676 et
662 1631 935 1693 ¹Hodiernum
999 1633 1085 1678 sive
1124 1634 1412 1680 convenientia

297 1709 350 1753 sit
386 1708 471 1753 sive
509 1708 818 1768 discrepantia3
850 1727 941 1753 una
970 1714 1099 1753 modo
1128 1715 1320 1767 perlata
1342 1721 1411 1755 est

295 1790 360 1829 acl
397 1789 687 1828 Facultatem
738 1790 1054 1829 commentatio
1080 1818 1093 1839 ‚
1152 1790 1410 1845 inscripta:

352 1862 535 1921 Expedit
593 1876 739 1906 omnes
799 1870 943 1920 gentes
999 1863 1205 1909 Romanis
1249 1865 1411 1925 legibus

296 1951 469 1997 operam
508 1938 633 1991 dare,
665 1939 749 1983 suis
775 1939 925 1984 vivere.

357 2015 646 2072 Quamquam
688 2018 839 2072 igitar
864 2021 1029 2072 plures
1067 2024 1410 2064 commentatio-

294 2108 372 2134 nes
421 2095 543 2133 inter
600 2109 647 2133 se
703 2096 909 2150 conferri
951 2096 1080 2138 haud
1116 2105 1408 2152 potuerant,

293 2185 380 2211 non
416 2170 645 2212 dubitavit
683 2178 834 2212 tamen
857 2172 1103 2224 Famam,
1137 2177 1407 2229 praemium

294 2248 476 2301 regium
517 2248 765 2302 adsignare
793 2248 969 2291 oblatae
1008 2250 1095 2292 sibi
1130 2261 1407 2296 commenta-

293 2324 430 2365 tionis
483 2325 678 2369 auctori.
757 2325 984 2369 Concinna
1031 2330 1148 2371 enim
1203 2337 1248 2373 et
1291 2339 1406 2386 apta

313 2429 324 2449 ι
336 2415 349 2451 ζ
372 2415 391 2437 1
1280 2425 1406 2465 par-
