1483 2860
286 279 358 308 112
509 262 1174 308 COMMENTATIO

283 384 341 415 ter
386 388 479 425 quas
495 405 508 424 ,
557 376 769 425 Vlisfinga‚
812 375 937 421 Vera,
988 373 1191 421 Enkhusa,
1243 374 1398 423 Horma,-

281 445 482 493 Alkmaar,
529 444 647 485 Edam
666 474 679 492 ,
739 445 1060 495 Monnikendam,
1122 445 1398 492 Purrnerenda,

280 515 540 564 Lugdunum,
577 516 739 563 Gouda,
793 515 1038 563 Harlemum,
1074 515 1113 553 in
1150 511 1396 553 Gulielmi

281 591 404 632 partes
430 582 673 622 transierunt:
704 582 826 630 aliae,
875 584 971 621 inter
1006 595 1098 633 quas
1135 583 1253 621 Mons
1290 580 1397 620 Han-

280 653 443 700 noniae,
480 653 732 702 Oudewater,
781 653 1004 699 Zierikzea,
1043 663 1230 690 armorum
1266 651 1306 690 vi
1339 662 1400 690 ca-

280 720 478 770 piebantur
504 722 587 771 (1).
643 721 736 759 Tam
768 721 959 770 inopinata
979 733 1097 760 rerum
1123 720 1316 759 converfio
1352 731 1397 759 eo

281 790 427 830 facilius
448 791 673 839 procedebat
687 820 700 839 ,
730 803 806 839 quo
830 791 1030 840 impensius
1055 803 1184 830 omnes
1202 792 1240 830 G
1254 789 1400 829 uliel-

283 871 354 897 mo
388 860 576 899 favebant.
603 861 816 899 Accedebat
842 861 977 908 etiam,
1008 861 1113 908 quod
1137 861 1399 909 Albanus,

281 929 377 968 nihil
415 930 501 968 mali
536 928 757 980 suspicans,
797 930 1000 969 exercitum
1038 930 1144 970 suum
1185 942 1252 980 per
1273 939 1398 970 totum

281 999 451 1049 Belgium
479 999 743 1049 dissipaverat,
782 1010 826 1039 ut
847 1001 1007 1040 decimas
1022 1030 1034 1048 ‚
1054 1013 1074 1039 a
1099 1000 1238 1048 quibus
1267 1010 1395 1051 popu-

282 1071 342 1109 lus
372 1069 611 1109 vehementer
635 1071 883 1121 abhorrebat,
909 1071 948 1111 vi
972 1071 1149 1120 exigeret.

785 1203 820 1253 §.
853 1207 890 1244 8.

334 1338 634 1377 Gulielmus
665 1339 739 1389 jam
777 1338 905 1387 paullo
936 1348 1051 1387 post,
1101 1350 1210 1387 quam
1251 1339 1401 1378 Alba—

283 1418 372 1447 nus
414 1408 453 1446 in
499 1409 670 1458 Belgium
712 1417 893 1456 venerat,
935 1419 1054 1446 novae
1087 1409 1277 1447 doctrinae
1322 1418 1401 1447 erat

282 1478 469 1518 addictus.
521 1479 661 1517 Verum
678 1507 692 1526 ‚
720 1490 836 1526 quum
860 1477 905 1516 ab
933 1478 1035 1515 omni
1056 1478 1272 1516 crudelitate
1291 1490 1402 1527 quam

285 1548 441 1587 maxime
478 1547 572 1586 esset
609 1548 781 1595 alienus,
817 1548 958 1596 semper
987 1548 1135 1596 voluit,
1177 1557 1220 1587 ut
1258 1549 1401 1588 Roma—

282 1618 568 1658 no-Catholici
596 1617 636 1655 in
676 1618 804 1666 Belgio
834 1629 986 1666 quoque
1023 1617 1230 1657 incolumes
1265 1617 1399 1658 essent.

283 1688 435 1739 Quibus
457 1698 578 1727 tamen
597 1687 709 1738 jussis
744 1687 908 1736 milites,
953 1688 1018 1736 qui
1048 1688 1114 1726 sub
1142 1699 1195 1727 eo.
1215 1700 1314 1728 arma
1347 1688 1404 1728 fe-

272 1758 415 1797 rebant
438 1787 451 1806 ,
494 1770 624 1808 parum
669 1757 812 1806 saepius
857 1756 1174 1807 obtemperarunt.
1252 1759 1401 1799 Deinde

284 1839 412 1867 omnes
427 1856 440 1876 ,
468 1839 562 1877 quae
588 1836 895 1876 oppugnarentur
926 1827 1065 1876 urbes,
1090 1828 1188 1876 regis
1206 1828 1359 1871 nomine
1381 1840 1404 1869 a

283 1895 346 1946 se,
372 1906 547 1946 tanquam
585 1894 806 1937 Hollandiae
837 1897 1052 1946 praefecte,
1092 1906 1136 1936 ut
1172 1898 1404 1941 traderentur

1311 1980 1404 2019 pos-

327 2080 381 2116 (1)
402 2079 471 2107 Vid.
499 2079 552 2107 De
580 2077 741 2114 Tassis,
764 2079 834 2114 Op,
859 2080 881 2109 1.
910 2083 974 2116 148.
997 2082 1063 2118 sqq.
1093 2095 1131 2104 -
1159 2085 1256 2120 Bor,
1291 2086 1403 2122 0901.
1455 2065 1483 2108 ’-

288 2135 356 2165 Lib.
375 2137 432 2166 VI.
458 2137 517 2165 fol.
539 2137 606 2166 268.
628 2149 675 2158 -—
693 2135 917 2173 Dinothus‚
943 2139 1004 2174 Op.
1026 2141 1052 2169 1.
1073 2148 1141 2176 pag.
1172 2144 1237 2172 106.
1268 2142 1334 2178 sqq.
1364 2154 1403 2167 .-

287 2193 436 2228 Hooft,
462 2194 512 2228 Op
551 2194 574 2222 1.
604 2195 678 2222 Vol.
701 2194 741 2221 11.
770 2201 803 2228 p.
826 2199 895 2228 238.
917 2195 983 2230 sqq.
1013 2209 1050 2217 —
1080 2198 1159 2226 Van
1189 2199 1401 2236 Metel-en,

288 2249 350 2284 op.
368 2249 391 2278 1.
421 2250 492 2278 Vol.
514 2250 553 2278 11.
575 2258 642 2286 pag.
666 2252 713 2280 26.
737 2252 802 2286 sqq.
825 2266 862 2273 —
893 2252 1189 2291 Bentivoglio,
1219 2256 1310 2293 Op.l.
1330 2264 1400 2294 pag.

291 2312 358 2343 129.
379 2319 416 2328 —
436 2305 537 2337 Lmen
558 2313 618 2336 cet.
640 2308 681 2336 11.
702 2315 770 2344 pag.
794 2316 862 2346 249.
883 2308 951 2348 sqq.
