1483 2860
405 200 839 252 JURIDICA.
986 166 989 167 ⁷
1141 207 1189 244 43

73 323 112 353 ta
139 313 254 360 esset,
308 323 375 361 per
406 310 645 350 novationem
677 309 715 348 in
745 308 892 347 civilem
932 305 1189 345 transformari

72 392 234 434 poterat.
261 382 312 421 L.
345 394 380 421 1.
411 385 448 432 §.
480 393 516 420 1.
545 379 587 419 ff.
615 382 660 419 de
682 387 813 417 novat.

106 454 175 493 11.
204 451 398 502 Expofitis
423 451 496 498 iis,
536 462 629 498 quae
663 451 745 499 J'ure
773 449 888 486 Rom.
917 446 1190 494 requiruntur,

73 532 119 564 ut
159 524 430 562 conventiones
477 521 687 570 producant
708 520 924 565 actionem,
966 525 1195 554 transeamus

70 594 145 645 jam
179 595 225 632 ad
251 594 346 643 juris
374 592 548 632 hodierni
574 590 795 630 doctrinam.

127 665 215 703 Sola
246 662 441 713 promissio
471 662 649 709 illiusque
681 658 886 708 acceptatio
923 657 1070 695 civilem
1101 654 1198 693 obli-

78 734 265 784 gationem
302 743 338 772 et
371 733 555 772 actionem
593 730 799 781 producit3
847 726 1061 775 regulariter
1101 725 1198 762 enim

58 812 199 855 'neque
229 805 494 851 solennitates,
545 813 669 851 neque
701 800 802 839 aliud
836 797 928 846 quid
964 795 1197 844 requiritur,

78 885 116 914 et
147 876 260 914 modo
285 887 306 913 a
330 873 498 923 personis
530 870 774 910 contrahendi
803 867 1001 918 capacibus
1028 874 1064 904 et
1091 865 1200 912 super

80 947 270 996 objectum
314 945 457 983 licitum
495 942 694 981 consensus
734 937 973 987 interpositus
1005 935 1080 983 fit,
1111 934 1202 973 vali·

80 1017 129 1055 de
163 1015 318 1063 obligat.
345 1036 401 1044 —
429 1014 502 1053 Sed
524 1023 669 1051 tantum
697 1009 938 1059 regulariter,
973 1017 1056 1044 nam
1084 1013 1206 1043 certae

79 1085 375 1124 conventionum
416 1082 553 1132 speeies
603 1080 820 1122 solennibus
865 1078 1054 1117 adstrictae
1089 1082 1202 1121 sunt,

81 1156 222 1205 quibus
248 1166 325 1193 non
357 1153 559 1192 observatis
597 1151 792 1199 negotium
825 1158 970 1198 gestum
1008 1156 1086 1184 non
1118 1154 1205 1183 cen·

81 1226 206 1266 setur:
250 1225 300 1262 ita
326 1223 409 1262 sunt
445 1232 550 1262 actus
584 1220 799 1260 donationis
821 1247 834 1266 ,
857 1226 1073 1257 contractus
1108 1225 1208 1262 nup·

83 1295 182 1335 tialis
205 1303 242 1333 et
264 1294 550 1344 hypothecariae
581 1291 866 1330 conventiones,
893 1300 950 1326 aa.
978 1299 1067 1335 931.
1089 1296 1204 1334 1394.

86 1378 187 1415 2127
223 1375 259 1404 et
302 1368 415 1412 2158.
454 1363 647 1402 Maximus
676 1373 765 1400 vero
792 1367 1051 1398 contractuum
1079 1365 1209 1392 nume-

85 1448 150 1475 rus
174 1436 289 1474 nullis
314 1434 595 1473 solennitatibus
623 1432 711 1470 iniri
740 1437 907 1480 poterat,
956 1439 1040 1466 nam
1065 1423 1210 1464 etiamsi

85 1508 147 1545 lex
180 1507 366 1552 declarat,
419 1503 662 1541 instrumento
702 1501 918 1539 authentico
960 1507 1024 1537 aut
1060 1496 1208 1545 privato

86 1575 264 1615 celebrari
295 1575 493 1622 aliquando
533 1572 641 1622 posse
683 1571 1002 1614 conventionem,
1052 1566 1090 1604 id
1132 1575 1211 1603 non

89 1645 347 1692 solennitatis,
387 1644 447 1682 sed
483 1652 626 1681 tantum
662 1640 895 1690 probationis
927 1637 1032 1677 causa
1057 1635 1213 1683 requin-

88 1719 146 1757 vit
169 1716 254 1765 (1).
307 1713 501 1761 Exemplis
534 1713 629 1750 illud
660 1713 816 1750 docetur
855 1709 894 1746 in
929 1717 1016 1746 artt.
1050 1710 1146 1754 1582
1176 1713 1213 1743 et

93 1790 206 1837 1834.
257 1784 339 1834 Ipse
367 1784 476 1822 etiam
511 1791 638 1821 orator
663 1780 970 1830 opportunitate,
996 1789 1069 1826 qua
1095 1777 1213 1825 legem

91 1860 138 1899 de
172 1858 334 1895 emtione
370 1854 586 1894 venditione
619 1863 852 1902 poponeret,
893 1849 987 1888 illud
1019 1847 1219 1886 confirma-

90 1927 147 1968 vit
169 1927 342 1966 dicendo.
401 1953 425 1972 ,.,
452 1923 664 1962 L’ecriture
688 1923 784 1960 n’est
808 1919 936 1969 exigee
965 1930 1038 1966 que
1063 1925 1212 1955 tantum

97 2026 123 2049 „
147 1998 202 2038 ad
225 1996 509 2050 probationem,
538 2003 574 2033 et
598 1996 633 2032 la
661 2003 774 2032 vente
796 2003 883 2030 aura
914 1997 1001 2028 tout
1029 1987 1096 2026 son
1127 1985 1215 2025 effet

0 2048 36 2130 ζ
98 2098 124 2120 „
149 2069 210 2108 s’il
237 2066 362 2106 conste
389 2066 576 2105 d’ailleurs
614 2064 660 2102 de
694 2074 766 2102 son
799 2062 1004 2109 existence,
1053 2057 1143 2096 mais
1179 2057 1215 2094 la

99 2168 125 2190 „
149 2150 289 2189 preuve
319 2140 405 2176 n’en
440 2147 578 2186 pourra
609 2134 714 2174 avoir
746 2134 853 2182 lieu,
907 2143 980 2181 que
1005 2119 1217 2170 conforme-

1116 2209 1216 2242 ment

137 2290 440 2328 (1)Pothier,1.
465 2291 485 2319 1.
507 2287 568 2318 N0.
600 2295 644 2322 15.
