1483 2860
270 275 322 312 92
492 263 1156 304 COMMENTATIO

265 370 415 411 immani
437 372 631 421 tyrannide
651 373 867 421 oppressum
881 380 959 412 erat
972 401 986 421 ‚
1024 373 1115 412 dura
1138 383 1309 422 quaeque
1333 383 1377 412 ac

263 441 426 479 crudelia
450 442 658 490 patiebatur
685 453 807 490 neque
835 453 1087 481 aerumnarum
1120 442 1270 491 pondus
1301 454 1378 481 am·

260 509 364 558 plius
389 513 578 549 exantlare
601 512 760 550 valebat.
814 512 859 549 In
883 523 998 550 unum
1029 512 1067 551 G
1083 512 1373 561 ulielmum‚

262 577 329 626 qui
358 591 429 627 pro
457 580 539 629 jure
560 590 596 619 et
623 581 791 620 libertate
814 581 1019 631 saepissime
1045 589 1374 631 propugnaverat,

262 660 391 687 omnes
426 652 558 689 oculos
592 660 882 701 converterant3
922 653 968 690 ab
987 652 1060 690 hoc
1093 663 1171 690 uno
1199 653 1374 691 dolorum

258 717 426 758 levamen
470 721 657 768 quoddam
671 749 684 769 ‚
718 723 899 760 malorum
936 721 1048 762 finem
1094 733 1136 760 ac
1181 721 1346 770 requiem
1355 732 1378 769 ,’

256 788 432 827 auxilium
458 797 495 827 et
516 789 667 829 salutem
693 791 964 840 exspectabant.
1010 792 1140 832 Unum
1168 791 1376 831 Guliel-

257 869 378 897 mum
405 870 533 897 omnes
560 859 693 908 Belgae
705 859 928 899 servatorem
954 859 1222 909 efflagitabant:
1241 871 1371 900 omnes

257 926 398 966 exsules
432 929 478 967 ad
503 928 641 967 bellum
666 937 797 968 contra
815 929 1058 968 Albanum
1085 929 1286 978 gerendum
1308 930 1372 969 ad·v

254 998 514 1037 hortabantur.
566 998 672 1050 Quid
704 998 849 1048 igitur?
876 1011 922 1037 an
942 1011 1090 1038 omnem
1109 1000 1249 1049 patriae
1267 1011 1372 1039 amo-

251 1078 328 1106 rem
355 1069 629 1117 restingueret,
656 1074 803 1106 omnem
827 1068 1097 1108 misericordiae
1113 1099 1127 1119 ,
1155 1081 1233 1118 quo
1248 1069 1371 1108 imbu-

251 1146 314 1176 tus
338 1147 415 1177 erat
431 1166 445 1186 ,
459 1137 601 1177 sensum
627 1147 882 1186 expectoraret
898 1168 912 1187 ,
939 1139 1161 1188 placidaque
1184 1139 1370 1190 apudJo·

250 1219 378 1246 anne
393 1221 427 1247 m
452 1207 603 1247 fratrem
622 1208 756 1257 vquiete
781 1208 910 1247 fruens
926 1235 940 1257 ‚
965 1209 1104 1257 patriae
1129 1210 1184 1248 ad'
1211 1208 1366 1247 exitium

247 1278 414 1325 vergenti
431 1290 540 1326 opem
567 1288 646 1316 non
668 1276 810 1316 ferret?
839 1279 998 1317 Minime
1024 1290 1128 1317 vero.
1182 1279 1365 1329 Quamvis

245 1356 324 1384 non
349 1346 417 1384 nisi
444 1347 482 1385 in
506 1346 603 1385 suam
627 1348 827 1396 perniciem
855 1349 1042 1396 quidquid
1067 1348 1253 1397 suscipere
1275 1361 1367 1397 pos·

243 1415 324 1462 set,
352 1417 521 1464 quamvis
557 1417 670 1455 bonis
703 1418 780 1457 suis
812 1417 905 1457 esset
932 1418 1163 1466 destitutus,
1191 1418 1364 1467 quamvis

243 1496 352 1523 omne
383 1487 559 1524 auxilium
594 1487 627 1524 ei
657 1488 876 1536 denegatum
910 1487 1033 1536 esset,
1077 1487 1202 1527 omnia
1242 1487 1370 1526 nihilo

240 1554 358 1593 secius
388 1557 546 1605 experiri
573 1557 773 1606 Belgisque
790 1585 804 1605 ‚
844 1569 1075 1605 quocunque
1099 1559 1246 1597 demum
1273 1568 1366 1606 pos-

239 1624 292 1664 set
332 1627 471 1674 modo,
509 1625 659 1665 salutem
696 1627 848 1665 reddere
886 1627 1049 1666 decrevit
1082 1627 1166 1677 (1).
1232 1627 1361 1678 Quum

739 1706 742 1708 ’
1284 1705 1363 1736 tan-

274 1802 328 1837 (1)
349 1804 382 1830 In
404 1805 497 1838 Apol.
518 1811 584 1838 pag.
603 1805 641 1832 80
671 1804 738 1839 sqq.
761 1805 834 1832 haec
860 1806 1000 1838 leguntur
1016 1804 1129 1831 verba:

273 1878 297 1894 ‚,
318 1861 409 1888 Want
429 1860 489 1888 wie
527 1860 620 1888 soude
654 1860 764 1888 sonder
783 1861 1055 1888 hert-zweerende
1083 1866 1205 1887 treuren
1232 1858 1357 1889 konnen

234 1933 259 1960 μ
279 1916 422 1942 verhalen
444 1917 502 1944 alle
520 1916 570 1943 dat
585 1915 1015 1950 verbannen‚ontweldighen
1034 1924 1091 1944 van
1101 1916 1357 1951 goederemvau-

233 1990 258 2007 ‚,
277 1972 355 2006 ghen
365 1972 441 1999 ende
459 1971 611 2007 spannen,
632 1973 689 1999 alle
699 1971 749 2000 die
764 1973 894 2007 geleden
913 1980 1014 2006 pynen
1031 1972 1110 2000 ende
1128 1971 1257 2000 smarten
1269 1991 1280 2006 ‚
1299 1971 1354 2000 roo

232 2047 256 2064 „
278 2028 531 2062 menigherhancie
551 2029 652 2058 soorte
675 2037 733 2056 van
757 2029 955 2063 afgryselicke
980 2037 1018 2057 en
1044 2028 1251 2062 jammerlicke
1277 2029 1355 2057 doo-

232 2102 256 2118 „
276 2085 356 2117 den,
377 2085 445 2112 daar
470 2085 539 2112 dese
574 2084 775 2120 bloetgierige
801 2086 934 2120 luyden‚
961 2085 1100 2122 (welcke
1125 2086 1155 2114 in
1183 2087 1353 2120 wreetheyt

230 2148 255 2174 2,
275 2141 332 2168 alle
358 2141 395 2168 de
421 2141 563 2169 wreetste
590 2148 735 2175 tyrannen
762 2149 819 2169 van
844 2143 897 2170 der
926 2144 1055 2177 wei-elz,
1083 2144 1125 2171 als
1151 2142 1353 2181 Phalaris,

230 2214 255 2232 ,‚
275 2195 462 2232 Busiris,
481 2199 608 2232 Nero,
630 2197 920 2233 Domitianus,
941 2200 1018 2227 ende
1044 2200 1176 2235 andere,
1204 2207 1296 2228 verre
1320 2207 1350 2228 te

229 2271 253 2289 ,‚
273 2253 375 2283 boven
396 2254 484 2289 gaan)
498 2254 535 2282 de
548 2261 628 2281 arme
651 2255 832 2282 ondersaten
854 2255 907 2283 der
924 2256 1031 2284 landen
1048 2264 1106 2286 van
1130 2257 1350 2286 hermeres—

228 2328 253 2347 ‚‚
271 2316 347 2339 over
370 2310 423 2339 soo
454 2310 560 2344 langhe
586 2311 674 2339 mede
694 2312 818 2345 gequclt
838 2311 1012 2342 hebbc11³”
