1483 2860
286 264 361 302 168
506 262 1168 303 COMMENTATIO

286 380 367 417 ret,
395 382 458 408 eos
483 371 702 415 admonuit,
739 380 780 408 ut
803 372 902 409 nulla
941 371 1157 409 conditione
1191 383 1274 410 curn
1304 374 1397 412 Au·-

288 441 480 480 striaco
515 441 813 489 paciscerentur,
841 441 908 480 nifi
950 441 1204 490 Hispanorum
1244 443 1394 491 copias,

291 523 384 559 quae
415 519 514 548 tanta
548 511 638 547 mala
665 510 800 558 patriae
823 510 1022 549 intulerant
1039 540 1050 557 ‚
1078 523 1098 548 e
1124 511 1250 558 Belgio
1274 511 1396 549 mitte-

292 589 362 619 ret.
418 581 558 620 Deinde
590 593 654 619 eos
687 581 901 618 adhortatus
928 589 1011 628 est,
1041 590 1081 619 ut
1105 580 1140 618 se
1169 589 1297 619 eontra
1329 581 1400 619 ho-

289 649 396 689 stium
438 650 583 688 infidias
621 662 759 688 armare
793 659 985 698 pergerent
1013 661 1133 696 neque
1152 660 1316 698 magnam
1353 649 1400 687 de

290 721 388 769 regis
414 720 540 759 favore
570 719 669 768 spem
710 721 895 758 foverent.
952 720 1023 757 Hic
1051 719 1143 757 enim
1173 719 1260 757 olim
1287 730 1402 767 prop-

291 801 349 830 ter
369 790 565 829 Nobilium
599 790 763 827 libellum
792 788 1102 837 Margaritae
1134 788 1299 826 oblatum
1320 797 1403 826 tan·

291 871 329 900 ta
374 861 425 898 ira
450 860 758 908 conflagraverat,
800 866 841 896 ut
875 869 943 904 ea,
987 869 1078 904 quae
1106 867 1237 905 postea
1273 867 1405 895 evene·

290 940 371 968 rant
397 941 474 967 non
505 929 612 966 facile
643 927 869 976 probaturus
904 925 978 964 esse
1007 928 1193 963 videretur
1214 927 1296 974 (1).

340 1001 411 1039 His
438 999 554 1037 literis
589 998 776 1046 acceptis,
809 996 968 1033 Ordines
1008 996 1209 1034 Generales
1246 996 1404 1034 declara-

290 1081 404 1115 runt..
466 1068 501 1106 se
552 1066 876 1107 Austriacum
913 1065 1194 1114 gubernatorem
1236 1065 1403 1113 accipere

288 1150 365 1178 non
406 1139 538 1187 posse,
566 1137 630 1175 nisi
658 1136 873 1184 peregrinos
912 1135 1048 1172 milites
1080 1135 1304 1183 dimitteret,
1339 1148 1403 1184 pa-

286 1221 366 1248 cem
395 1206 671 1247 Gandavensem
705 1216 946 1253 agnosceret,
985 1205 1101 1242 totius
1131 1205 1246 1252 Belgii
1289 1205 1401 1243 Ordi-

289 1289 356 1316 nes
387 1278 587 1316 Generales
616 1284 837 1313 convocaret
857 1274 1089 1322 pristinaque
1108 1275 1188 1322 jura
1207 1275 1400 1323 Belgarum

287 1359 329 1386 ac
353 1345 543 1394 privilegia
562 1353 742 1382 tueretur.
779 1344 882 1393 Quas
905 1343 1163 1389 conditiones,
1186 1345 1295 1382 variis
1318 1345 1404 1382 arti-

285 1416 357 1454 bus
378 1415 554 1454 adhibitis
571 1443 584 1461 ,
612 1414 676 1451 diu
708 1414 931 1460 improbavit
955 1413 1258 1452 Austriacus
1288 1423 1404 1462 atque

285 1487 450 1536 accipere
483 1484 620 1523 noluit.
677 1483 842 1521 Tandem
870 1494 962 1520 vero
993 1491 1139 1530 pactum
1178 1494 1261 1520 cum
1292 1483 1403 1521 Ordi-

283 1557 396 1602 nibus
423 1554 576 1593 sancivit
605 1563 715 1601 atque
744 1554 966 1602 gubernator
988 1561 1157 1600 receptus
1184 1562 1240 1591 est
1263 1553 1347 1602 (2).

337 1626 477 1664 Verum
502 1623 733 1661 Gulielrn
750 1633 831 1669 us,
863 1622 995 1669 partim
1021 1622 1173 1661 mirifica
1198 1623 1259 1661 sua
1289 1622 1400 1662 soler-

283 1698 357 1739 tia..
391 1695 523 1744 partim
557 1692 747 1743 vigilantia
789 1700 825 1729 et
865 1691 1088 1738 calliditate,
1131 1691 1269 1738 quibus
1316 1694 1401 1731 Au..

284 1765 466 1805 striaci
513 1764 682 1813 regisque
718 1763 843 1800 literas
890 1763 1089 1799 nonnullas
1126 1760 1396 1810 interceperat,

283 1837 403 1887 probe
434 1834 500 1873 fibi
527 1834 729 1879 conscius,
772 1831 893 1869 omnia
930 1830 974 1868 ab
1006 1831 1275 1868 Austris-,co
1308 1833 1400 1870 dolo

285 1907 380 1946 malo
427 1905 536 1954 geri,
585 1901 801 1952 huJ'ustnodi
840 1900 974 1938 foedus
1018 1910 1216 1947 agnoscere
1255 1902 1392 1942 noluit.
1426 1946 1427 1949 Ἴ

1287 1971 1391 2022 Qua-

321 2090 373 2128 (ι)
395 2091 465 2126 νῆά,
494 2091 586 2125 Bor⁷
621 2091 678 2124 op.
708 2090 730 2117 1.
755 2087 837 2123 Libr.
865 2086 899 2117 X.
931 2086 986 2113 fol.
1020 2093 1085 2121 195.
1113 2085 1157 2120 sq.
1180 2098 1212 2114 .-
1241 2085 1396 2127 Ηοοΐῑ,

282 2147 340 2180 op.
373 2147 396 2174 1.
426 2152 493 2180 pag.
523 2146 592 2181 484.
622 2143 665 2178 sq.
707 2156 742 2163 —
783 2143 860 2169 Van
887 2141 1098 2174 Meter-en,
1139 2141 1198 2174 Op.
1223 2140 1246 2169 1.
1269 2139 1308 2168 11.
1325 2145 1394 2174 pag.

325 2207 351 2232 ³·
374 2199 390 2226 s
409 2218 418 2227 .

284 2207 466 2289 ⁴3(2)qVid.
489 2253 586 2289 Bor,
610 2253 669 2287 Op.
692 2253 714 2280 1.
746 2252 828 2282 Libr.
850 2251 885 2286 X.
913 2250 970 2283 fol·
1001 2256 1069 2283 204.
1098 2248 1143 2283 sq.
1174 2265 1217 2272 —
1246 2245 1397 2279 Hooft,

284 2307 344 2341 op.
369 2309 392 2334 1.
424 2314 490 2341 pag.
519 2309 587 2342 ⁴87.
618 2306 662 2340 sq.
691 2319 728 2327 —
764 2306 841 2333 Van
878 2307 1083 2334 Meteren.
1115 2301 1175 2345 Op.
1206 2299 1297 2329 1.11.
1330 2304 1397 2335 pnl-

284 2366 352 2403 ⁴:43·
376 2364 419 2398 sq.

1478 2241 1483 2433 l
