1560 2860
426 302 893 344 ORATIONEM.
1165 318 1213 356 91

130 414 258 463 *Pag.
288 423 349 461 25.
378 414 473 462 (22)
498 413 589 454 Vid.
619 413 1010 462 Tertullianus,
1051 413 1095 452 de
1119 414 1217 454 Ani-

111 484 201 532 md,
232 484 329 532 Cap.
357 495 394 532 3.
425 495 464 533 7.
490 495 563 533 23,
591 484 634 523 de
655 487 880 537 praescript.
907 484 1028 523 Haer.
1049 485 1147 534 Cap.
1176 496 1216 533 7.

103 555 211 593 olibi.
239 554 336 592 Idem
365 564 479 602 vero,
509 553 595 593 adv.
625 555 757 593 Marc.
786 555 836 594 L.
859 555 891 594 I.
919 555 969 594 C.
989 555 1219 604 3—52a1iis·
1258 570 1261 573 ⁴

112 636 186 674 que
215 625 336 671 locis,
369 624 588 675 philosophis
630 626 856 674 argumentis
898 637 1015 673 usus,
1061 624 1218 666 refutare

107 704 266 735 conatur
289 694 493 734 Dualistas.

160 833 258 884 Pag.
289 845 351 881 27.
379 833 475 884 (23)
507 833 784 882 Sapientissima
817 842 906 872 sunt
934 832 1146 881 Woffii,
1171 834 1218 872 de

112 915 184 942 usu
219 904 396 951 loquendi
424 905 462 942 in
489 903 733 951 Philosophia
776 904 821 941 de
864 904 945 942 Deo
972 914 1050 942 non
1082 912 1217 942 temere

110 974 312 1021 mutando,
337 974 502 1018 monita,
532 984 631 1021 quae
657 973 783 1011 retulit
814 973 866 1012 G.
891 973 932 1012 S.
961 973 1215 1012 Franckez

108 1042 326 1082 Grundrisz
352 1042 419 1081 der
444 1043 810 1093 Vernunfitheologie
825 1070 839 1090 ‚
869 1055 909 1092 p.
939 1055 1009 1092 129
1032 1056 1121 1093 sqq.

158 1180 258 1230 Pag.
286 1183 349 1220 28.
378 1181 474 1230 (24)
500 1182 809 1220 Aristotelis
835 1181 1003 1230 dictum,
1043 1184 1145 1231 quod
1177 1184 1217 1224 in

107 1251 368 1299 compendium
403 1253 588 1289 redactum
622 1251 809 1299 excitavi,
846 1251 1033 1290 Cicero
1068 1263 1218 1293 conser-

107 1320 207 1359 vavit
238 1320 282 1359 dc
307 1321 365 1362 N.
404 1321 460 1360 D.
502 1321 551 1360 L.
586 1321 633 1359 II.
663 1320 760 1369 Cap.
792 1332 867 1369 37,
907 1321 952 1359 ad
991 1333 1029 1369 q.
1054 1323 1082 1361 l.
1119 1330 1217 1362 recte

105 1390 359 1430 Davisius:
394 1418 425 1438 „
438 1390 620 1439 Inanisy
646 1391 793 1439 inquit,
821 1418 855 1438 ,,
882 1399 935 1429 est
951 1404 1078 1430 eorum
1099 1395 1218 1443 suspi-

110 1487 142 1508 „
165 1463 221 1499 cio
237 1488 251 1508 ,
279 1462 345 1511 qm·
365 1459 619 1512 Philosophum
642 1461 749 1499 illum
763 1461 902 1499 similia
925 1474 996 1500 non
1017 1461 1218 1502 tradidisse

101 1550 138 1577 ·‚‚
165 1529 432 1578 confirmant.”
477 1532 599 1570 Docet
624 1539 745 1570 autem
771 1532 851 1580 ipsa
874 1532 934 1570 illa
959 1533 1150 1581 suspicio,
1175 1533 1217 1573 in

105 1601 206 1638 dicto
241 1611 326 1638 cum
359 1601 439 1640 aliis
470 1601 663 1650 stagiritae
701 1602 847 1650 placitis
872 1604 1104 1643 conciliando
1132 1603 1217 1643 hae·

106 1671 203 1708 ‘sisse
225 1671 453 1719 interpretes.
505 1670 692 1710 Nimirum
708 1699 722 1719 ‚
753 1673 854 1719 quod
870 1672 1019 1723 phystca
1033 1683 1068 1711 et
1094 1684 1216 1726 empy-

101 1741 189 1778 rica
221 1750 297 1779 non
333 1751 478 1789 semper
501 1753 521 1780 a
555 1742 809 1792 metaphysicis
833 1752 870 1780 et
895 1743 1217 1784 transscendenta·

102 1811 199 1850 libus
233 1812 480 1861 distinguebat
515 1812 764 1860 Aristoteles,
805 1812 944 1852 factum
981 1824 1064 1863 est,
1092 1826 1135 1854 ut
1158 1816 1215 1866 ip-

102 1882 185 1920 sius
206 1882 251 1920 de
285 1881 528 1930 Philosophia
558 1882 761 1922 theoretica
797 1882 964 1923 doctrina
991 1886 1216 1925 dissonanti-

102 1950 177 1990 bus
203 1952 306 1991 valde
339 1953 505 2001 partibus
539 1954 803 1992 contineretur.
855 1954 969 2003 Quod
1005 1965 1103 1994 recte
1135 1968 1215 1997 mo-

26 2031 32 2039 ·
107 2022 189 2060 nuit
223 2023 273 2061 cl.
309 2023 345 2062 K
359 2034 407 2062 ru
421 2031 465 2072 g:
506 2023 721 2064 Geschichto
746 2023 816 2062 der
852 2024 1081 2076 Philosophia
1112 2027 1214 2065 alter

102 2090 221 2139 Zeit,
271 2094 517 2132 vomehmlich
562 2103 674 2132 unter
721 2094 905 2134 Gricchen
937 2109 979 2135 u.
1014 2096 1213 2147 Romern,

100 2161 181 2208 (ed.
208 2162 379 2212 alterius)
401 2176 440 2213 p.
463 2174 551 2213 254.

157 2292 308 2332 Ibidem.
337 2297 431 2346 (25)
455 2298 570 2338 vidd.
598 2301 849 2352 Erigenae
868 2288 993 2353 dicta.
1011 2315 1104 2353 quae
1118 2318 1209 2347 con-

105 2362 189 2401 tulit
216 2362 586 2417 Reinholdius‚
614 2370 694 2409 hc.
724 2371 838 2412 T.II.
864 2374 905 2413 P.
926 2375 955 2414 1.
984 2387 1024 2423 p.
1055 2378 1099 2414 18
1117 2388 1206 2424 sqq.

1102 2445 1207 2484 Prae-
