1483 2860
238 222 312 262 1232
476 212 527 259 L:
571 210 1104 259 '1··.'vERENE'⁶r.

235 327 302 368 bat
305 325 431 378 studia
455 327 646 368 sanctiora
661 354 676 375 ‚
711 326 888 367 Doctoris
899 327 1110 368 Christiani
1133 338 1266 368 munus
1284 340 1348 367 ex-

234 398 372 450 petiit,
404 406 439 436 et
454 397 665 448 Theologiae
689 405 837 448 operam
862 409 1007 437 navare
1037 397 1212 448 instituit.
1261 396 1348 448 Qua

235 477 324 506 vero
342 464 523 516 indefessa
537 465 729 504 industria
745 494 758 513 ,
774 465 973 517 diligentia
998 475 1034 505 et
1047 469 1214 519 ἀκριβείᾳ
1237 467 1348 507 disci-

227 535 345 587 plinis
380 536 546 586 primum
596 535 783 590 literariis
799 562 814 583 ,
864 536 1046 589 deinceps·
1061 537 1279 588 theologicis·
1304 538 1347 576 in

231 603 438 643 Academia
461 603 845 655 Rheno-Tray’ectina
874 617 1021 658 operam
1042 615 1231 656 navaret,
1257 621 1345 659 quos

222 673 376 722 faceret
404 675 447 712 in
477 676 525 713 iis
550 674 768 726 progressus
801 675 907 715 haud
936 677 1135 728 vulgares,
1161 689 1347 729 quamque

223 743 297 794 fibi
327 753 493 796 pararet
520 743 713 784 doctrinae
754 747 897 798 copiam
910 775 925 795 ‚
961 746 1271 799 Praeceptoribus
1309 755 1346 787 et

231 812 546 854 Commilitonibus
578 814 756 867 probavit
778 814 964 866 quotidie,
991 825 1034 855 ut
1059 817 1164 856 brevi
1181 826 1347 869 quatuor

227 893 412 925 annorum
428 883 552 935 spatio
566 883 797 933 academico,
809 895 1029 924 accuratam
1044 915 1058 934 ,
1073 900 1170 937 quae
1194 895 1327 925 nostra
1337 905 1347 916 ·

231 951 329 992 tibus
357 955 516 1005 propria
553 954 624 1001 esse
654 953 750 1001 fhlet
763 983 777 1002 ,
816 955 1059 996 eruditionem
1089 955 1194 995 haud
1220 956 1348 1007 infeli·

229 1024 326 1060 citer
347 1008 585 1074 conjungeret
607 1036 690 1062 cum
722 1025 793 1063 illa
815 1037 958 1064 morum
982 1034 1019 1064 et
1039 1025 1254 1073 studiorum*
1276 1026 1348 1065 elc-

226 1094 389 1143 gantia,
427 1105 540 1143 quam
572 1094 695 1133 literis
736 1094 885 1133 Franco
907 1116 924 1125 -
952 1095 1111 1135 Gallicis
1135 1095 1346 1135 moderare-

232 1170 316 1201 tur.
380 1162 506 1209 Poe‘sin
536 1162 714 1201 Franco·
730 1164 918 1203 Gallicam
956 1165 1056 1211 satis
1083 1165 1256 1213 feliciter
1286 1178 1345 1204 co-

230 1232 331 1281 luit;
367 1231 496 1279 studiis
526 1232 709 1272 historicis
743 1243 780 1272 et
830 1234 1032 1273 historico·
1046 1235 1252 1285 theologicis
1283 1234 1346 1282 sc—

231 1301 316 1340 dulo
348 1288 495 1354 operam
526 1305 700 1341 navavit.
765 1303 811 1341 In
844 1304 975 1354 quibus
997 1305 1152 1354 lingulis
1184 1307 1345 1356 propria

229 1369 392 1423 quadam
415 1372 558 1421 ingenii
568 1373 627 1418 νὶ,
641 1371 783 1419 judicii
808 1375 977 1411 acumine
991 1401 1004 1421 ,
1031 1374 1157 1412 labore
1181 1374 1321 1422 assiduo
1335 1402 1351 1421 ,

229 1441 367 1480 ardore
384 1469 397 1489 ‚
422 1453 491 1490 quo
527 1440 733 1479 ducebatur
751 1469 765 1488 ,
793 1441 872 1489 sese
903 1443 1184 1482 commendavit.
1238 1443 1355 1494 Quod

228 1523 316 1552 vero
337 1511 457 1558 majus
480 1519 532 1548 est
554 1518 590 1548 et
613 1511 785 1554 semctius
802 1538 816 1557 ,
851 1512 906 1550 vis
928 1512 1136 1562 Religionis
1163 1511 1351 1552 Christia-

230 1594 302 1620 nae
323 1580 533 1628 salutifera
569 1581 610 1617 in
639 1582 736 1618 omni
772 1581 848 1622 cius
885 1583 967 1620 vita
999 1584 1126 1632 patuit
1139 1596 1156 1631 ‚·
1193 1581 1349 1621 duceba-

229 1660 299 1690 tur
322 1651 404 1690 veri
428 1650 610 1688 acerrimo
630 1649 750 1701 studio
764 1678 777 1696 ‚
805 1652 960 1690 virtutis
986 1651 1226 1700 Christianae
1248 1665 1350 1692 amo-

234 1733 303 1769 re,
330 1732 473 1758 morum
489 1731 571 1757 cum
584 1720 771 1759 suavitate
790 1729 825 1758 et
846 1719 1065 1759 urbanitate
1086 1730 1167 1759 tum
1191 1722 1351 1772 integri·

230 1800 337 1838 tate,
363 1790 482 1827 animi
504 1788 716 1840 probitate,
749 1790 909 1828 candore
943 1799 979 1828 et
1004 1790 1204 1838 modestia,
1229 1794 1351 1842 picta·

232 1869 269 1899 tc
305 1871 397 1909 erga
442 1867 696 1910 praeceptores
713 1886 726 1905 ,
778 1867 936 1897 matrem
949 1887 964 1906 ‚
1013 1859 1135 1897 Deum
1170 1863 1345 1900 maxime.

231 1930 294 1967 Sic
313 1936 437 1979 pectus
461 1936 545 1964 erat
563 1954 576 1973 ‚
603 1927 702 1977 quod
723 1927 904 1973 disertam
918 1929 1017 1976 fecit
1032 1955 1046 1974 ‚
1073 1942 1143 1979 quo
1162 1929 1316 1978 factum
1331 1959 1346 1979 ,

228 2010 276 2040 ut
305 1997 481 2036 Oratoris
498 1996 607 2043 sacri
623 1997 798 2050 partibus
815 1999 980 2046 egregie,
988 1998 1239 2048 plurimorum
1262 2012 1346 2038 cum

231 2067 444 2118 applausu,
484 2066 747 2114 fungeretur,
789 2078 858 2115 quo
893 2074 1053 2117 tempore
1085 2067 1257 2118 *Trajecti
1297 2070 1352 2108 ad

223 2117 403 2180 'Rhenum
428 2133 470 2173 S.
496 2134 707 2173 Ministcrii
740 2133 972 2174 Candidatus
999 2135 1248 2186 Evangelium
1279 2152 1348 2177 an-

230 2204 439 2257 ‚nunciavit-

1229 2328 1343 2397 Mag-
