1483 2860
439 266 940 306 LITERARIA.
1168 268 1237 317 169

132 377 255 427 Quare
289 375 503 414 Hollandiae
531 384 566 413 et
597 376 813 413 Zeelandiae
838 374 994 413 Ordines
1019 374 1209 413 admonuit
1225 404 1239 422 ‚

133 456 199 493 ut,
240 457 331 493 quae
360 445 564 491 obstarent,
603 445 807 483 Ordinibus
843 444 1090 483 Generalibus
1131 456 1245 492 expo·

134 525 277 555 nerent.
332 516 382 554 Hi
417 514 530 563 igitur
562 515 820 561 declararunt,
857 523 1006 562 pactum
1035 513 1107 551 suis
1133 514 1249 561 partis

134 585 206 624 bus
243 585 392 624 minime
411 585 617 624 absolutum
645 584 722 623 esse
751 594 785 622 et
813 584 871 622 vel
895 585 1049 621 maxime
1073 595 1156 622 cum
1182 595 1245 630 ea,

135 667 244 704 quam
272 654 569 704 profitebamur,
609 655 786 703 religione
818 653 1031 692 Christiana
1067 664 1243 702 pugnare.

133 725 295 764 Primum
336 725 524 772 Ordines,
564 724 694 762 deinde
723 722 798 772 ipse
823 723 1143 761 Austriaeus
1179 733 1245 770 per

131 796 272 844 legatos
307 795 571 833 Gulielmo
607 793 820 844 persuadere
853 803 1075 842 magnopere
1098 791 1245 831 studue-

133 873 248 912 runt,
276 874 317 903 ut
348 875 526 913 pactum,
553 865 656 912 quod
685 865 757 914 jam
786 873 973 911 receptum
1011 872 1115 911 erat,
1143 874 1246 900 com-

133 935 321 983 probaret.
387 935 693 973 Austriacus
730 933 762 971 ei
800 930 993 982 exposuit,
1032 933 1067 971 se
1106 932 1246 980 Hispa-

137 1016 227 1052 nas,
275 1004 416 1043 Italicas
453 1013 487 1042 et
525 1003 778 1052 Burgundicas
807 1002 932 1052 copias
957 1014 976 1040 e
1004 1002 1132 1052 Belgio
1169 1003 1243 1051 jam

137 1073 313 1122 emifisse3
347 1075 446 1123 quod
475 1075 699 1121 postulatam
741 1083 844 1118 erat,
884 1073 1142 1122 jusjurandum
1172 1072 1247 1110 Or·

133 1144 282 1183 dinibus
307 1145 377 1194 jam
407 1143 571 1191 dedisse3
602 1143 856 1182 Gulielmo
895 1143 993 1180 bona
1015 1143 1075 1181 sua
1105 1152 1140 1180 et
1178 1142 1247 1180 ho-

134 1225 244 1252 nores
284 1215 357 1263 jam
393 1212 600 1251 reddidisse.
655 1214 778 1262 Quare
812 1213 857 1250 ad
886 1224 1010 1260 pacem
1045 1212 1244 1250 faciendam

132 1284 225 1322 nihil
250 1283 407 1331 amplius
435 1283 733 1329 desiderabatur,
772 1294 880 1330 quam
918 1282 1022 1329 quod
1051 1281 1248 1320 Guliel-

135 1365 239 1391 mus
294 1353 530 1400 Ordinesque
570 1353 788 1391 Hollandiae
837 1362 872 1389 et
907 1352 1125 1390 Zeelandiae
1163 1365 1246 1390 eum

134 1424 413 1472 gubernatorem
450 1424 715 1471 proclamarent
745 1432 781 1460 et
808 1422 1065 1460 denuntiarent
1089 1423 1172 1471 (1).

187 1493 346 1531 Minime
382 1502 466 1540 est,
518 1494 620 1541 quod
660 1504 867 1541 negemus,
912 1492 1247 1531 Austriacum

134 1576 192 1602 res
218 1563 297 1601 suas
320 1563 484 1612 apposite
500 1562 647 1611 gessisse
663 1591 675 1609 ,
703 1573 906 1610 magnaque
920 1561 1116 1600 calliditate
1143 1561 1247 1600 usum

136 1633 274 1681 fuisse,
299 1642 339 1671 ut
377 1633 674 1671 Gulielmus
702 1631 776 1671 suis
805 1632 946 1670 artibus
987 1631 1170 1668 irretitum
1196 1640 1251 1669 te-

137 1713 252 1743 neret.
307 1704 477 1750 Verum,
505 1702 567 1740 etsi
603 1700 795 1739 artificiose
819 1710 855 1738 et
884 1701 1030 1739 occulte
1057 1700 1248 1740 Guliel-

133 1786 208 1812 mo
243 1773 388 1811 infidias
419 1781 591 1821 pararet,
619 1783 701 1810 eum
731 1782 851 1809 tamen
875 1772 911 1808 in
939 1769 1104 1810 fraudem
1133 1772 1247 1810 addu-

130 1855 214 1881 cere
250 1843 398 1881 minime
433 1843 561 1881 valuit.

184 1914 259 1952 Hic
288 1913 409 1959 enim,
436 1924 520 1951 cum
552 1912 772 1950 Hollandiae
810 1921 846 1949 et
880 1910 1098 1949 Zeelandiae
1136 1910 1248 1949 Ordi-

134 1985 246 2023 nibus
264 2012 276 2031 ,
304 1984 521 2032 respondit,
549 1993 693 2020 ornnem
709 2010 723 2029 ,
751 1993 844 2029 quae
869 1980 1055 2027 restabat,
1082 1979 1247 2023 diffiden-

136 2054 222 2093 tiam
263 2055 365 2092 nullo
401 2054 514 2092 modo
548 2051 694 2091 facilius
727 2052 807 2091 tolli
837 2049 970 2100 posse,
1010 2061 1119 2099 quam
1157 2061 1246 2099 pace

1147 2120 1251 2162 Gan-

176 2242 229 2278 (ι)
250 2240 317 2268 Vid.
347 2239 444 2271 Bor,
481 2237 540 2273 Op.
566 2238 587 2264 1.
625 2235 703 2265 Libr.
735 2236 771 2264 X.
802 2235 857 2262 fol.
881 2242 948 2263 210.
980 2231 1080 2266 sq.—
1103 2227 1250 2263 noem,

140 2299 198 2333 op.
236 2298 257 2324 1.
300 2302 366 2330 pag.
407 2299 472 2330 497.
511 2308 543 2314 -
584 2290 662 2318 Van
696 2290 916 2323 Me‘teren,
957 2287 1017 2321 op.
1051 2287 1071 2313 1.
1107 2283 1149 2313 11.
1182 2288 1250 2318 pag.

131 2359 200 2390 ⁴70·
225 2353 289 2389 sqq·
