1483 2860
172 169 226 205 η
436 154 1086 209 INTRODUCTIQ

206 281 328 320 ratae,
353 267 541 319 quantitas
571 266 721 306 relativa
753 264 847 305 acidi
876 264 1029 313 acetici‚
1055 263 1119 303 illo
1154 266 1315 306 volumi-

206 353 281 389 ne,
307 336 473 378 contenti
501 337 560 386 ι).

256 408 419 461 Quando
444 416 587 445 acetum
621 404 661 442 in
693 402 786 442 vasis
811 414 889 442 non
923 405 1017 443 bene
1042 403 1172 443 claufis
1196 403 1316 444 serva·

205 488 290 528 tur,
337 477 509 518 facillime
541 482 578 512 et
613 473 802 512 celerrime
827 473 867 511 in
892 472 947 511 sui
974 474 1119 522 generis
1149 475 1318 522 putredi-

205 562 289 590 nem
323 547 435 595 abit3
483 545 573 583 haec
613 543 772 592 putredo
793 541 871 582 ,seu
902 553 1032 581 mucor
1074 551 1131 581 est
1169 543 1317 591 plantae

204 615 500 668 cryptogamicae
533 612 701 662 species,
751 612 812 651 vel
839 622 860 650 e
893 610 1118 660 seminibus,
1158 614 1219 651 vel
1254 623 1318 660 ge·

204 686 396 727 neratione
420 683 623 732 aequivoca
648 691 744 720 orta.
772 681 818 731 α)
849 681 1116 720 Berzelius
1138 692 1227 720 vero
1249 693 1320 732 pu-

191 765 287 805 ·tat,
324 754 429 797 illum
467 763 657 792 mucorem
697 749 787 790 oriri
822 750 994 801 impensis
1046 750 1318 800 principiorum

205 834 460 871 remotorum,
483 822 627 861 acidum
654 820 835 859 aceticum
868 819 1200 870 constituentium3
1228 822 1318 861 hinc

207 896 314 934 etiam
343 894 526 943 explicat,
564 902 637 933 ‚eur
664 899 808 929 acetum
843 902 888 930 eo
914 891 1073 930 debilius
1106 891 1200 941 fiat,
1238 903 1317 941 quo

206 966 326 1016 major
350 965 389 1003 in
416 974 461 1002 eo
483 962 567 1001 talis
593 962 758 1000 mucoris
783 961 954 1012 deposita
974 961 1024 1001 sit
1045 961 1230 1010 quantitas
1254 962 1314 1012 3).

206 1034 437 1086 Huiusmodi
459 1032 568 1072 etiam
596 1030 673 1070 esse
703 1030 878 1071 videntur
901 1031 1069 1070 animalia
1094 1032 1155 1071 illa
1177 1030 1320 1071 infuso·

207 1108 287 1155 ria,
324 1104 528 1144 Vibriones
550 1102 669 1151 aceti,
696 1113 791 1151 quae
822 1101 1028 1151 saepissime
1051 1102 1090 1140 in
1114 1111 1218 1141 aceto
1249 1101 1321 1140 ob·

204 1177 412 1217 servantur.
462 1173 565 1213 Olim
597 1181 817 1222 putaverant
852 1171 1047 1212 efficaciam
1080 1172 1172 1211 aceti
1191 1172 1238 1211 ab
1255 1173 1320 1212 his.

204 1246 352 1287 insectis
381 1244 612 1295 dependere,
641 1242 703 1282 sed
727 1243 802 1282 hoc
831 1254 1025 1282 erroneum
1046 1242 1161 1282 fuisse
1188 1244 1247 1281 vel
1268 1254 1315 1282 ex

207 1329 253 1355 eo
288 1323 389 1364 patet
404 1343 418 1363 ,
446 1314 549 1362 quod
571 1312 610 1351 in
640 1311 845 1352 fortisfimo
878 1322 982 1351 aceto
1013 1324 1091 1352 non
1125 1313 1316 1352 invenian-

203 1395 268 1424 tur
292 1384 356 1432 4).
408 1383 550 1421 Mucor
573 1380 755 1428 incipiens
776 1381 950 1430 insuper,
975 1384 1132 1422 colendo
1154 1393 1190 1422 et
1213 1395 1318 1433 prae-

205 1455 318 1504 cipue
340 1453 447 1490 etiam
467 1450 667 1499 coquendo
689 1458 856 1496 acetum,
880 1449 994 1487 averti
1016 1458 1173 1499 potest;
1200 1452 1233 1490 si
1252 1464 1319 1494 au·

204 1534 280 1565 tem
297 1522 390 1560 illud
400 1520 543 1559 diutius
556 1530 708 1557 mucore
722 1518 880 1557 obfitum
897 1519 1031 1568 fuerit,
1051 1522 1192 1560 tandem
1207 1523 1322 1570 plane,

204 1592 417 1645 putrescit,
457 1589 562 1639 quod
590 1588 788 1638 praecipue
814 1590 910 1627 valet
945 1590 990 1628 de
1032 1599 1135 1629 aceto
1171 1593 1313 1631 cerevi-

206 1665 304 1711 fiae,
330 1670 445 1711 atque
472 1657 591 1708 repeti
614 1658 722 1697 debet
741 1670 785 1696 ex
808 1670 937 1707 magna
967 1660 1124 1707 partium
1149 1661 1314 1701 mucosa-

205 1745 288 1774 rum
321 1741 358 1772 et
383 1730 665 1771 extractivarum
683 1756 698 1778 ,
740 1728 778 1767 in
813 1739 858 1767 eo
892 1728 1159 1778 praesentium,
1195 1742 1314 1779 quan-

1267 1801 1315 1840 ti-

243 1937 280 1975 1)
296 1937 326 1974 J.
344 1936 373 1974 J.
393 1934 629 1970 ueneritis,
650 1935 671 1965 1.
690 1936 712 1964 Ι.
732 1942 800 1972 pag.
826 1939 900 1973 1069
920 1938 979 1967 und
1002 1946 1087 1974 ¹070·

241 1995 277 2030 α)
297 1994 495 2028 Kiaprotn
523 1993 583 2022 und
620 1992 769 2028 wolff,
806 1994 901 2023 ehem.
938 1994 1112 2031 wat-terh..
1147 1996 1186 2026 11.
1214 1997 1308 2028 Band.

205 2053 238 2086 S,
261 2054 311 2081 68.

241 2108 276 2144 3)
296 2110 325 2147 J.
347 2110 378 2149 J.
401 2109 639 2150 Berzeliuls,
658 2110 681 2138 1.
703 2110 726 2137 1.
748 2116 815 2144 pag-
839 2112 925 2146 1069.

242 2169 278 2203 4)
299 2167 394 2196 Doce.
430 2169 600 2200 struve,
630 2166 660 2193 in
695 2166 774 2194 notis
802 2173 879 2201 quae
911 2165 1022 2199 adjecit
1056 2166 1142 2202 operi
1177 2167 1309 2198 Doctiss.

207 2223 413 2258 nemachy
433 2222 482 2251 cui
505 2221 624 2251 titulus:
645 2222 701 2250 Λη
723 2223 761 2251 du
783 2222 959 2259 vinaigrier,
983 2225 1045 2254 Par.
1069 2227 1153 2254 1820.
1176 2233 1242 2261 pag.
1264 2235 1309 2262 υ.
