1483 2860
241 223 292 274 ,a
476 221 1147 266 c.0MMENTAT10

247 332 316 382 qui
346 331 457 371 mufis
483 332 600 382 magis
641 342 757 382 quam
794 334 906 375 armis
936 333 1091 374 deditus
1126 342 1257 385 parum
1284 337 1365 378 hoc

248 411 417 452 tempore
450 403 607 453 imperio
640 402 816 454 profuit,
853 415 896 443 ac
932 404 972 443 in
999 405 1130 445 odium
1167 416 1367 455 procerum

250 471 447 515 iacun-its

302 543 549 582 Orientalium
577 541 763 583 fortitudo
792 544 904 594 longe
928 545 1027 584 vires
1053 545 1168 596 hujus
1190 546 1371 596 Imperii,

250 615 295 657 in
318 614 459 664 ruinam
479 614 622 663 proni,
645 615 871 665 excedebat3
900 616 1024 656 locum
1051 617 1102 656 ita
1124 617 1370 667 primarium5

251 695 363 733 quem
396 685 647 734 appetebant,
675 685 715 725 in
741 684 820 735 ipsa
843 686 1001 726 Graecia
1028 687 1133 727 brevi
1161 690 1373 737 capesfive-

250 762 357 797 tunt.
432 755 641 795 Orientales
680 756 788 796 ¹enim
804 785 818 806 ‚
869 757 1058 806 phantasia
1091 767 1130 798 et
1169 758 1372 798 fanatismo

251 825 359 866 ducti
389 826 597 876 altioraque
621 826 825 877 spirantes,
851 829 898 867 ad
919 840 1049 878 magna
1077 841 1246 878 quaeque
1268 841 1375 878 prae-

252 893 379 937 standa
408 897 692 946 impellebantur
707 927 722 947 ,
747 899 964 946 religionem
997 899 1058 937 his
1089 899 1217 937 studiis
1245 899 1376 938 faven-

249 972 326 1004 tem
362 967 571 1014 habebant,
628 977 689 1015 et,
740 968 876 1007 sacram
918 976 1010 1005 tunc
1058 967 1228 1006 viventes
1272 976 1374 1006 aeta-

251 1041 328 1076 tem
343 1064 357 1084 ,
409 1037 600 1087 Europam
645 1037 769 1077 saltem
811 1038 1025 1077 orientalem
1065 1038 1111 1077 ad
1143 1037 1208 1076 sua
1239 1038 1376 1086 placita

250 1107 433 1147 adducere
469 1108 665 1151 studebant
704 1108 790 1158 (1).
870 1108 1075 1158 Quomodo
1111 1107 1225 1156 igitur
1262 1118 1376 1146 ruens

253 1176 488 1217 Graecorum
520 1179 718 1228 imperium
758 1179 854 1228 (2),
904 1190 988 1216 cum
1019 1177 1155 1216 talibus
1196 1177 1374 1217 hostibus

252 1248 486 1296 colluctans,
524 1249 654 1287 eodem
683 1257 851 1297 tempore
885 1247 997 1286 tantis
1037 1247 1263 1287 hierarchiae
1296 1249 1378 1305 Ro·

251 1329 380 1358 manae
414 1318 575 1368 opibus,
613 1328 719 1358 tanto
749 1318 938 1366 ambitui,
977 1318 1167 1367 tantisque
1201 1317 1375 1360 subsidiis

257 1387 439 1431 adversari
470 1387 688 1439 potuisset?

289 1570 346 1605 (ι)
368 1570 487 1605 operae
502 1568 634 1605 pretium
657 1575 704 1598 est
723 1568 966 1598 animadvertere
995 1567 1163 1597 ‘rui-carum
1188 1568 1247 1597 hnc
1272 1574 1372 1597 aetate

254 1625 287 1656 in
303 1626 463 1656 Graeciam
478 1627 648 1655 invasiones
664 1625 862 1654 cruciatarum
878 1624 1112 1660 expeditionum
1123 1645 1134 1661 ,
1155 1624 1244 1659 hujus
1261 1624 1377 1654 saeculi

253 1682 319 1717 fine
346 1691 371 1711 a*
383 1681 561 1712 christianis
590 1690 816 1718 susceptarum,
834 1689 948 1711 sacram
972 1681 1192 1716 fanaticamque
1225 1680 1376 1710 rationem

256 1739 381 1782 prorsus
405 1738 559 1768 retulisse.

295 1800 351 1836 (α)
372 1798 422 1827 De
439 1796 519 1826 tristi
538 1798 724 1826 Graecorum
743 1795 866 1830 imperii
883 1792 1062 1823 conditione
1082 1792 1223 1822 videatur
1239 1794 1381 1824 Annae

253 1855 502 1890 comnenae,
528 1853 722 1888 AIexiados,
756 1851 829 1883 Lib.
858 1852 884 1880 1.
914 1858 984 1886 pag.
1008 1857 1044 1884 33
1074 1849 1106 1878 in
1130 1858 1262 1886 corpore
1282 1852 1372 1882 Hm.

256 1912 476 1951 Byzantium,
512 1909 615 1939 Phil.
649 1908 823 1944 Labbei‚
860 1908 934 1937 Vol.
958 1907 1031 1936 ΧΠ.
1068 1906 1162 1938 conr.
1195 1908 1376 1944 Gibbou‚

253 1969 277 2002 8.
301 1976 330 1999 c.
355 1969 426 1998 Vol.
450 1968 486 2000 X.
511 1975 579 2004 pag.
604 1970 659 2003 348
680 1966 768 2001 seqq.
