1560 2860
497 251 885 297 ORATIO.
1198 254 1254 296 23

133 392 297 450 laudem
358 391 535 436 vidimus
563 423 576 445 ‚
631 391 748 448 quod
810 405 858 435 ea
909 392 1105 432 hominis
1173 405 1249 434 nos

131 456 326 524 seientia
390 458 572 527 augeat3
636 467 824 524 sequitur
847 499 860 520 ‚
913 474 958 511 ut
1006 467 1250 526 perpenda-

126 561 246 601 mus,
300 561 426 602 quam
474 544 726 589 salutaribus
779 547 979 588 consiliis
1029 559 1120 587 eam
1164 559 1249 602 poa

130 616 335 666 tissimum
371 625 629 665 doctrinam
670 621 765 680 ipsa
807 625 1094 673 moderetur,
1130 627 1246 678 quae

127 700 340 741 Naturae
365 701 575 742 Summae
616 701 918 754 cognitionem
955 699 1044 739 sibi
1061 715 1246 753 propo-

127 779 265 818 sitam
289 777 439 820 habet.
503 775 670 818 Verum>
693 774 766 817 hic
800 772 903 817 mihi
929 787 1015 817 non
1045 774 1246 817 commit-

126 852 297 902 tendum
325 859 407 904 est,
449 851 701 895 Auditores!
739 858 785 894 ut
813 850 941 894 animi
969 850 1138 904 Vestri,
1172 851 1243 907 qui

125 929 234 981 festo
269 929 352 972 hoc
393 928 460 972 die
489 928 543 972 ad
578 928 830 972 hilaritatem
862 927 1014 972 remitti
1040 927 1249 987 cupiunt,-

124 1021 204 1064 per
218 1005 387 1049 nimiam
407 1003 701 1063 disputationis
719 1004 991 1064 subtilitatem
1012 1019 1244 1048 exerceam·

125 1090 193 1135 tur
225 1089 296 1124 aut
340 1081 575 1138 fatigentur.
645 1081 701 1124 Et
737 1095 837 1125 vero
882 1096 931 1125 eo
975 1079 1239 1125 brevioribus

122 1145 195 1201 hic
229 1157 352 1202 nobis
387 1172 475 1201 esse
513 1157 676 1208 licebit,
718 1158 1062 1215 quandoquidem
1085 1191 1096 1213 ,
1131 1173 1239 1216 quae

119 1235 250 1279 modo
285 1250 334 1279 ex
362 1234 569 1278 Historiae
611 1234 852 1278 testimonio
880 1234 1073 1279 duximus
1097 1237 1238 1281 moni-

119 1319 186 1366 ta,
218 1312 270 1356 de
305 1310 459 1370 ingenii
487 1310 621 1354 nostri
661 1310 821 1355 viribus
861 1326 940 1355 nec
976 1311 1118 1368 inique
1159 1312 1239 1356 de·-

117 1389 373 1450 primendis,
395 1402 473 1432 nec
497 1388 723 1432 immodica
741 1388 863 1432 laude
887 1387 1106 1441 tollendis,
1132 1388 1236 1433 haec

116 1481 212 1510 cum
250 1467 303 1510 ad
330 1465 566 1510 universam
597 1465 940 1524 Philosophiam,
971 1472 1058 1508 tum
1094 1464 1235 1524 inpri-

115 1543 195 1588 mis
235 1543 289 1587 ad
328 1543 640 1600 disquisitiones
675 1543 727 1586 de
765 1542 858 1587 Deo
898 1542 1103 1600 regendas
1150 1541 1233 1586 vim

114 1620 274 1665 habere
302 1627 342 1663 et
368 1619 615 1672 utilitatem,
659 1626 820 1662 certum
855 1626 916 1663 est
955 1626 995 1662 et
1033 1619 1233 1678 explora-⁴

106 1704 216 1753 tum.
291 1696 406 1740 Haec
450 1696 577 1754 igitur
619 1710 784 1754 pauca,
827 1696 995 1740 minime
1036 1695 1230 1740 abstrusa

111 1773 209 1828 ina,
254 1775 436 1831 quaeso!
479 1773 669 1817 teneatis.
743 1772 856 1831 Qui,
910 1788 989 1832 per
1038 1780 1233 1818 accurate

111 1850 278 1909 cognita
321 1849 565 1909 disciplinae
606 1849 874 1908 gravissimae
913 1849 1024 1902 fata,
1056 1850 1110 1893 ad
1142 1850 1229 1906 ejus

110 1925 369 1986 penetralia,
414 1933 615 1983 quantum
662 1925 822 1969 homini
874 1925 996 1980 licet,
1036 1927 1228 1971 adeunda

39 2036 45 2044 .
109 2002 188 2053 sibi
216 2002 325 2046 viam
354 2002 575 2058 munierit3
604 2002 699 2057 ille,
730 2011 776 2048 ut
815 2003 914 2048 hinc
956 2004 1123 2058 ordiar,
1168 2005 1228 2048 ita

107 2079 298 2124 notiones
336 2097 492 2122 rerum
536 2095 560 2123 a
600 2097 814 2123 sonorum
854 2080 1097 2125 notionibus
1136 2081 1228 2126 dis-

109 2154 294 2212 tinguere
325 2156 484 2211 discet,
516 2164 590 2210 ut,
623 2172 700 2217 per
737 2157 976 2216 ambiguum
996 2166 1085 2201 —aut
1120 2158 1226 2202 sub-

109 2231 253 2275 dolum
291 2247 441 2278 vocum
472 2235 767 2279 nonnullarum
796 2251 941 2287 usum,
973 2234 1053 2279 sibi
1085 2237 1224 2279 fucum

110 2308 200 2372 sieri
227 2323 311 2354 non
333 2311 528 2368 patiatur.
591 2311 697 2372 Quis
723 2312 833 2358 enim
857 2312 1014 2368 nescit,
1046 2319 1086 2357 et
1124 2312 1222 2356 olim

1118 2385 1224 2430 fuis-
