1483 2860
271 300 342 337 124
489 288 1158 334 COMMENTATIO

264 396 301 442 sa
332 405 536 446 peregerat.
589 397 735 437 Milites
775 399 877 438 nulla
911 398 1066 438 omnino
1089 397 1286 449 disciplina
1312 400 1382 439 mi-

261 466 360 505 litari
383 467 579 505 coercebat
607 467 730 515 iisque
757 469 873 507 multa
895 468 1130 508 incommoda
1151 468 1299 509 civibus
1325 469 1383 508 in·

261 534 360 574 ferre
393 535 647 584 permittebat.
701 537 859 576 Tantam
889 538 1160 587 perversitatem
1184 547 1382 587 tantasque

259 603 478 653 iniquitates
517 614 554 643 et
597 606 787 645 molestias
827 607 928 646 cives
972 609 1132 658 amplius
1167 607 1265 646 ferre
1309 618 1381 646 no-

258 673 399 714 lebant.
452 675 688 715 Gulielm
705 688 761 716 us
797 676 913 726 igitur
930 706 943 725 ,
968 678 1107 718 tametsi
1134 688 1266 727 magna
1290 676 1382 716 Lu-

258 744 384 782 maei
421 744 460 783 in
485 746 752 794 rempublicam
797 747 927 786 merita
959 756 1086 796 gratus
1127 754 1380 797 agnosceret,

257 825 342 854 eum
369 823 493 853 tamen
517 826 671 854 munere
697 815 764 856 suo
795 828 931 856 exuere
953 825 1108 854 coactus
1133 825 1191 855 est
1214 815 1299 865 (1).

308 884 424 935 Quod
449 886 494 924 ad
518 886 658 925 bellum
683 885 800 934 magis
825 897 867 924 ae
892 885 1008 935 magis
1040 885 1272 934 conflagrans
1294 884 1382 924 atti-

253 964 318 993 net
339 982 352 1002 ,
376 955 565 1004 utrimque
600 967 730 1005 magna
755 955 895 995 virtute
929 964 966 994 et
993 955 1225 994 vehementia
1262 955 1382 994 varia-

253 1036 328 1073 que
363 1024 529 1073 fortuna?
550 1037 757 1076 pugnatum
797 1035 869 1065 est.
920 1026 965 1064 In
999 1025 1195 1064 navalibus
1220 1024 1377 1075 proeliis

251 1095 525 1135 Zeelandorum
554 1095 741 1135 fortitudo
772 1098 906 1135 multas
926 1107 1040 1134 naves
1061 1095 1219 1134 hostiles
1241 1094 1343 1145 cepit
1361 1123 1377 1144 ,

249 1166 402 1214 mersit,
435 1175 500 1205 aut
534 1167 706 1206 incendio
730 1166 895 1214 delevit,
924 1165 1198 1215 gloriosamque
1228 1165 1374 1215 saepius

249 1235 445 1275 victoriam
472 1235 600 1276 sortita
640 1245 712 1276 est.
773 1236 824 1275 In·
854 1236 1097 1274 terrestribus
1129 1247 1222 1274 vero
1259 1243 1378 1275 certa-

249 1305 416 1344 minibus
452 1307 707 1355 Hispanorum
741 1317 840 1344 arma
883 1306 1025 1354 ubique
1060 1305 1139 1344 fere
1184 1305 1375 1355 superiora

249 1384 367 1414 erant.
396 1376 521 1414 Nemo
554 1385 656 1424 erat,
697 1377 762 1425 qui
789 1377 825 1414 se
849 1388 934 1414 cum
964 1376 1129 1414 exercitu
1156 1375 1203 1413 iis
1230 1375 1374 1426 objice-

248 1456 287 1484 re
317 1452 494 1494 poterat3
536 1447 648 1485 urbes
675 1456 820 1486 tanturn
859 1446 1029 1485 inusitata
1051 1445 1192 1485 virtute
1211 1458 1252 1484 ac
1281 1457 1373 1485 con-

247 1515 377 1555 stantia
391 1517 627 1555 resistebant.
660 1518 782 1566 Cujus
805 1516 887 1562 rei,
915 1516 942 1554 si
968 1527 1043 1564 qua
1064 1527 1228 1564 unquam
1254 1515 1371 1565 urbs,

242 1583 460 1623 Harlemum
495 1585 784 1624 illustrissimum
813 1587 1024 1635 exemplum
1049 1585 1178 1625 edidit.

292 1654 595 1694 Gulielmus
635 1656 747 1694 variis
775 1655 899 1694 modis
932 1654 1098 1694 obsessae
1138 1655 1223 1694 urbi
1249 1667 1361 1705 opem

241 1724 340 1764 ferre
374 1733 531 1764 conatus
570 1734 627 1764 est
666 1725 887 1773 saepiusque
920 1733 1167 1764 commeatum
1207 1734 1244 1764 et
1270 1726 1371 1765 mili-

241 1803 316 1834 tem
355 1795 439 1835 urbi
465 1795 608 1845 injecit.
663 1795 801 1843 Neque
823 1804 947 1834 tamen
976 1807 1055 1834 eam
1093 1795 1286 1835 obsidione
1323 1797 1370 1836 li-

242 1864 370 1903 berare
409 1866 552 1915 potuit.
607 1866 710 1915 Ergo
747 1866 961 1904 Harlemum
1002 1876 1092 1915 post
1125 1865 1370 1908 fortissimam?

240 1935 381 1984 septem
421 1936 597 1974 mensium
637 1935 887 1974 defensionem
937 1936 1114 1974 hostibus
1150 1936 1186 1975 se
1221 1938 1364 1976 tradere

240 2013 414 2043 coactum
429 2003 503 2043 fuit
530 2004 613 2054 (2).
642 2004 813 2056 (Quarto
836 2005 924 2044 Idus
945 2005 1026 2056 Jul.
1045 2016 1081 2044 a.
1109 2007 1228 2057 1573)
1250 2008 1281 2047 F
1295 2019 1364 2047 re-

1286 2079 1365 2118 de·
1428 2059 1483 2102 ·

279 2177 334 2214 (ι)
356 2177 425 2207 vid.
452 2178 549 2214 Bor,
578 2179 637 2214 Op.
653 2180 675 2209 1.
697 2178 769 2209 Lib.
791 2181 844 2210 VI.
862 2181 921 2210 fol.
940 2188 1010 2216 310.
1031 2198 1069 2206 —
1089 2184 1239 2221 Hooft,
1263 2186 1360 2222 Opd.

240 2242 306 2271 pag.
328 2242 397 2270 299·
416 2236 479 2272 sqq.
499 2249 533 2257 —
563 2236 664 2265 Leven
682 2244 743 2265 cet.
763 2237 800 2266 11.
818 2246 886 2273 pag.
905 2243 974 2274 338.
997 2240 1061 2276 sqq.
1356 2253 1359 2256 ’

278 2293 333 2328 (2)
356 2292 424 2324 Vid.
447 2292 503 2322 De
526 2294 686 2330 Tassin,
707 2297 766 2330 Op.
796 2298 820 2324 1·
842 2304 909 2331 pag.
935 2303 1003 2329 170.
1026 2296 1093 2333 sqq.
1120 2312 1165 2324 —
1185 2297 1357 2334 vigilus

235 2350 274 2380 ad
292 2350 547 2388 uopperum,
582 2351 683 2389 epist.
716 2351 885 2384 cxcvul.
927 2354 995 2384 CC.
1030 2362 1063 2384 et
1083 2354 1153 2386 CCa
1177 2369 1215 2379 --
1234 2356 1356 2386 Dino·

1241 2413 1357 2454 thus,
