1560 2860
314 262 370 304 10
673 257 1053 307 ORATIO.

309 396 418 441 tiora
449 404 544 441 sunt
571 397 766 452 nomina,
797 412 874 443 nec
903 399 957 443 ad
987 406 1172 444 nostram
1202 412 1292 443 rem
1322 400 1406 444 mi-

307 471 386 519 nus
434 475 748 519 accommodata
796 477 982 536 exempla
1025 475 1403 535 Philosophorum,

306 552 404 608 qui,
474 550 690 610 superiore
755 552 947 606 saeculo,
1016 552 1060 596 in
1114 551 1405 611 Francogallia

303 629 645 681 celebrabantur,
703 632 1215 686 Encyclopaedicorum.
1311 628 1401 673 Hos

301 706 413 750 enim
440 704 708 749 sanctissimis
741 706 974 763 quibusque
1010 706 1135 750 rebus
1163 719 1212 750 ac
1238 704 1405 749 doctri-

301 782 367 827 nis
395 782 544 827 acerbe
568 781 770 835 irrisisse,
793 782 823 825 ii
848 789 1007 827 tantum
1031 782 1176 826 mirari
1204 789 1400 841 possunt,

303 861 400 917 qui,
439 860 552 916 quali
589 858 831 904 educatione
872 859 1061 918 ipsorum
1097 859 1285 918 plerique
1336 856 1401 902 usi

295 938 400 991 sint,
441 937 681 995 ignorant.(
689 934 738 991 6)
771 957 821 968 -
850 936 977 992 Quod
1006 943 1142 980 autem
1180 934 1399 979 notissima

295 1012 460 1056 Horatii
495 1026 596 1056 voce
625 1010 796 1054 dicitur:
832 1012 1099 1067 Quojsemel
1126 1019 1194 1054 est
1223 1012 1398 1054 imbuta

294 1106 474 1142 recens,
506 1090 705 1131 servabit
733 1091 915 1130 odorem
950 1096 1068 1130 testa
1109 1091 1219 1143 diu3
1268 1087 1314 1131 id
1355 1094 1397 1131 et

291 1165 338 1209 in
379 1164 466 1209 aliis
507 1163 702 1223 apparuit
742 1163 1082 1223 quamplurimis,
1112 1172 1153 1208 et
1187 1163 1231 1207 in
1269 1163 1396 1223 Spi-

291 1255 436 1285 nosa
475 1240 749 1299 potissimum.
839 1240 920 1284 Hic
959 1239 1180 1293 nimirum,
1225 1241 1392 1285 natione

289 1317 474 1361 Judaeus
490 1349 501 1370 ,
539 1316 721 1375 mysticis
762 1331 811 1361 ac
847 1317 1135 1376 pantheisticis
1168 1319 1391 1362 Gabbalae

288 1393 493 1437 doctrinis
519 1408 542 1436 a
570 1392 746 1452 pueritia
772 1393 994 1438 innutritus
1027 1401 1129 1438 erat.
1168 1393 1287 1438 Hanc
1315 1409 1394 1438 au-

286 1474 372 1513 tem
408 1469 704 1513 institutionem
741 1470 785 1513 in
824 1485 941 1524 eam,
981 1485 1107 1527 quam
1143 1477 1292 1530 postea
1328 1471 1392 1514 vir

284 1545 619 1598 commendavit,
639 1546 690 1589 de
703 1545 796 1589 Deo
817 1546 1050 1590 doctrinam
1079 1546 1282 1604 insignem
1310 1546 1390 1590 ali-

285 1638 411 1679 quam
441 1622 521 1666 vim
550 1622 769 1674 habuisse,
785 1629 825 1666 et
845 1622 947 1664 mihi
969 1622 1244 1666 certissimum
1269 1622 1392 1666 vide-

283 1705 377 1752 tur,
409 1705 448 1742 et
476 1713 574 1742 vero
595 1698 735 1742 idonei
757 1697 914 1754 judices
937 1698 1236 1743 existimarunt.
1254 1700 1327 1758 (7)
1345 1724 1387 1734 -

284 1773 395 1826 Sed,
429 1789 513 1831 quo
540 1775 701 1833 plenius
738 1774 856 1818 vobis
890 1782 1074 1828 constet,
1107 1791 1232 1832 quam
1268 1777 1386 1820 arcta

280 1851 582 1895 necessitudine
614 1866 707 1894 cum
733 1850 943 1909 religionis
974 1851 1283 1911 contemptione
1310 1867 1386 1896 su-

278 1927 472 1985 perstitio
501 1927 721 1983 conjuncta
746 1927 1002 1986 reperiatur3
1032 1927 1076 1971 in
1102 1928 1385 1973 Democri-

278 2011 388 2047 tum
413 2005 555 2047 oculos
583 2004 834 2056 convertite,
866 2005 1036 2049 scholae
1050 2007 1381 2060 Atomisticae,

279 2095 404 2136 quam
439 2080 680 2124 fundaverat
710 2081 742 2124 L
758 2095 817 2124 eu
833 2081 1035 2140 cippus
1051 2114 1064 2135 ‚
1096 2083 1269 2126 alterum
1295 2096 1381 2140 pa·-

274 2164 448 2200 rcntem.
540 2157 610 2200 Ille
649 2158 781 2211 enim,
812 2172 906 2202 cum
947 2159 1088 2203 omnia
1124 2158 1379 2204 mechanicis

272 2233 460 2285 caussis,
510 2231 610 2275 nihil
650 2232 829 2277 Naturae
858 2233 1062 2289 Divinae,
1108 2236 1375 2280 tribuendum

274 2323 364 2353 esse
410 2309 701 2365 contenderet,
758 2324 850 2354 cum
887 2311 1014 2370 impia
1058 2312 1138 2357 hac
1183 2313 1374 2358 doctrina

1287 2397 1371 2433 tam
