1560 2860
477 268 859 315 ORATIO.
1166 271 1222 318 45

118 405 296 464 publicis
342 407 581 453 muneribus
596 440 609 463 ‚
664 408 951 453 doctrinarum
993 409 1222 455 commodis

115 483 311 529 curandis
340 491 474 530 totum
501 499 591 530 sese
617 486 785 530 tradere
815 493 1015 545 poterat,
1067 493 1108 531 et
1146 500 1223 531 ve-

117 574 168 605 ro
193 561 379 607 tradidit.
440 560 526 606 Sed
568 575 654 619 quo
690 575 777 606 non
802 568 1012 621 tempore,
1046 562 1091 606 in
1121 577 1223 620 gra-

117 637 283 683 vissima
319 638 400 683 hac
439 638 657 698 provincia
694 638 874 693 tuenda,
918 626 1241 697 religiosissime

119 722 304 760 versatus
334 717 434 761 est?
472 715 649 774 Semper
678 715 786 759 enim
802 747 814 769 ,
845 714 968 760 sicuti
991 715 1037 759 in
1063 716 1225 774 reliqua

119 790 203 838 vita
237 792 352 836 omni
375 824 390 847 ,
428 791 488 837 ita
517 791 591 836 hic
621 804 813 849 quoque,
844 809 939 836 esse
954 825 968 846 ,
999 807 1125 851 quam
1151 795 1226 837 vi-

118 871 222 913 deri
264 868 436 925 maluit3
500 868 583 914 sibi
635 868 803 926 quidem
848 868 1003 913 nullum
1067 868 1195 915 decus
1209 901 1224 923 ,

121 944 198 989 sed
221 951 340 988 tanto
372 944 622 1003 impensius,
654 944 770 1001 quod
803 944 1055 990 Academiae
1082 945 1227 990 hono-

123 1019 284 1065 rificum
316 1027 426 1065 esset
464 1033 515 1065 ac
557 1020 736 1065 salutare
751 1052 764 1074 ,
794 1035 1025 1078 quaerens3
1055 1022 1228 1082 publico

120 1096 328 1155 privatum
362 1102 624 1155 postponens
652 1096 948 1154 commodum3
991 1097 1100 1142 adeo
1141 1111 1228 1143 non

122 1173 206 1220 sibi
236 1173 406 1233 placens
419 1204 433 1227 ,
461 1180 508 1217 ut
545 1171 719 1216 aliorum
749 1171 947 1229 judicium
979 1180 1020 1218 et
1049 1173 1227 1220 libenter

122 1250 356 1308 exquireret
369 1281 381 1304 ‚
422 1256 490 1304 et,
534 1247 669 1294 sicubi
702 1262 811 1308 opus
849 1255 964 1303 erat,
1005 1262 1084 1295 suo
1114 1250 1229 1296 haud

120 1327 274 1373 invitus
307 1327 560 1386 praeferret3
590 1325 666 1371 sed
697 1325 810 1370 idem
839 1326 909 1391 :ita
938 1343 1073 1381 sum,
1102 1334 1228 1386 atque

123 1404 184 1449 ita
218 1404 322 1449 recti
351 1403 531 1461 justique
561 1410 684 1448 tenax
702 1435 715 1458 ,
743 1410 818 1458 ut,
861 1402 898 1447 si
924 1404 1121 1462 quando,
1151 1419 1230 1464 per

122 1481 251 1527 officii
303 1479 566 1525 sanctitatem
592 1513 604 1534 ,
673 1479 966 1525 nonnullorum
1013 1480 1231 1527 desideriis

123 1558 270 1603 deesse
306 1564 552 1615 cogeretur,
594 1555 769 1601 neminis
803 1557 1048 1615 cujusquam
1086 1556 1230 1602 offen-

121 1634 283 1680 sionem
323 1640 394 1678 aut
427 1633 535 1677 iram
569 1633 875 1678 reformidaret.
948 1634 1097 1679 Talem
1137 1648 1233 1679 eum

124 1710 365 1757 Praesidem
390 1710 478 1754 Vos
515 1708 729 1764 amisistis,
760 1709 984 1755 Curatores
1004 1711 1234 1770 amplissi-

127 1788 209 1832 mi!
248 1800 355 1845 quos
381 1786 518 1831 salvos
548 1792 674 1843 atque
709 1785 936 1831 incolumes
975 1786 1100 1831 nobis
1138 1802 1233 1832 ser-

127 1870 249 1911 vatos
284 1877 398 1917 esse,
429 1862 590 1907 sincere
624 1862 851 1907 laetamur!
895 1861 991 1908 Tali
1030 1875 1108 1908 nos
1137 1863 1234 1923 ipso

132 1940 272 1985 orbati
297 1954 437 1984 sumus
459 1952 600 1984 rerum
630 1947 869 1985 nostrarum
899 1938 1074 1987 Vindice
1099 1940 1234 1987 bene-

130 2015 411 2063 volentissimo
426 2048 440 2071 ‚
469 2015 799 2076 prudentissimo
818 2019 828 2060 !

189 2171 317 2230 Quod
339 2171 426 2215 Vos
440 2202 454 2226 ‚
492 2170 689 2230 Collegae
722 2168 964 2215 clarissimi!
996 2169 1238 2229 gravissima

135 2260 185 2292 ac
208 2247 445 2292 difficillima
469 2262 640 2294 munera
660 2255 847 2307 gerentes
867 2280 881 2303 ,
911 2247 1044 2293 hocce
1067 2261 1234 2306 quoque

136 2337 272 2380 anno,
319 2323 523 2373 Divinitus
569 2325 698 2386 adjuti
734 2325 867 2373 fuistis
903 2339 954 2370 ac
991 2325 1232 2381 sustentati3

1119 2400 1232 2461 quod
