1483 2860
449 210 887 261 JURIDICA.
1188 205 1234 264 '37'

112 320 221 358 niunt
236 347 249 367 ,
276 321 458 357 rationem
473 320 709 369 sufficientem
731 333 756 357 a
778 320 854 370 lege
887 321 1130 373 approbatam
1146 351 1158 367 ,
1188 308 1231 361 ob

109 401 222 438 quam
257 390 444 427 conventio
475 391 654 426 actionem
674 387 865 440 producit.
920 391 1000 428 Hac
1030 391 1143 440 igitur
1167 394 1231 431 de·

108 458 280 496 finitione
308 467 522 496 contractus
558 469 578 495 a
604 459 723 506 pactis
758 459 1069 507 distinguuntur,
1100 472 1226 501 verum

107 539 184 566 non
225 528 270 566 ab
308 510 562 576 illis‘pactis‚
617 540 710 575 quae
748 530 806 567 vel
849 541 868 567 a
899 531 1069 568 Praetore
1108 533 1166 569 vel
1201 543 1222 569 a

106 599 187 646 lege
211 599 311 636 civili
335 598 577 646 comprobata
612 598 709 636 sunt.
765 599 907 636 Melius
935 599 1049 650 igitur
1075 602 1226 639 definie-

106 680 216 716 mus,
267 669 343 706 esse
376 669 614 717 complexum
659 669 921 716 requifitorum
963 672 1056 718 qu'ae
1101 667 1223 709 afflesse

105 737 268 784 debent,
297 747 340 775 ut
362 738 564 776 conventio
588 749 655 786 per
679 738 714 775 se
735 751 781 775 ex
802 740 975 787 generali
991 740 1092 783 juris
1111 740 1225 787 sanc-

106 809 203 845 tione
233 810 414 859 primitus
457 807 722 855 obligationem
761 807 907 845 civi'em
954 810 1098 856 plenam
1137 822 1226 858 pro-

105 879 239 916 ducere
273 877 389 924 posfit
417 877 499 926 (Ι).
552 878 703 916 Pactum
738 887 838 915 caret
871 878 975 916 causa
1001 878 1104 917 civili
1131 881 1228 918 obli-

107 948 245 994 gandi,
273 947 424 984 minime
454 958 543 984 vero
571 955 813 999 conttactus‚
851 948 1012 995 ideoque
1042 949 1226 989 actionem

106 1015 310 1064 producit,
338 1027 414 1053 non
443 1027 486 1053 ex
511 1017 591 1062 lege
611 1015 782 1063 speciali,
800 1016 857 1053 uti
883 1017 1116 1064 hypothecae
1141 1030 1228 1067 pac·

105 1093 212 1128 tum,
250 1083 442 1121 constituti
483 1095 517 1122 e.
546 1082 574 1121 s.
602 1096 667 1131 p.‚
697 1083 755 1121 sed
792 1096 836 1122 ex
873 1086 1010 1132 regulis
1041 1087 1136 1135 juris
1175 1088 1227 1126 ci-

105 1153 191 1191 vilis
221 1153 526 1201 generalioribus.
581 1155 682 1191 Haec
713 1166 802 1191 vero
837 1155 942 1193 causa
965 1157 1026 1194 vel
1049 1168 1070 1195 e
1091 1158 1226 1206 forma

103 1223 370 1272 negotiorum,
399 1235 465 1271 per
498 1225 613 1271 legem
651 1224 871 1271 praescripta
894 1234 930 1262 et
961 1238 980 1263 a
1003 1229 1227 1266 contrahen-

102 1294 204 1331 tibus
236 1292 453 1340 observata‚
482 1294 541 1330 vel
573 1305 617 1330 ex
644 1294 753 1343 facto
790 1295 950 1342 quodam
976 1297 1156 1347 promisso
1188 1308 1226 1338 ct

99 1365 308 1414 praestito,
361 1365 420 1400 vel
455 1362 618 1410 denique
654 1375 699 1401 ex
723 1367 907 1415 promissa
942 1365 1093 1404 datione
1123 1377 1160 1405 et
1198 1382 1225 1407 a

99 1435 340 1484 promittente
371 1434 528 1484 implete?
555 1435 752 1481 repetenda
785 1444 856 1473 est.
932 1436 1067 1475 Forma
1098 1449 1222 1480 autern

100 1503 394 1541 conventionum
429 1505 486 1541 vel
512 1504 550 1541 in
586 1503 729 1542 solenni
764 1505 814 1542 rei
848 1507 1124 1556 praestatione,
1164 1512 1226 1549 vel

104 1576 140 1610 in
176 1574 314 1611 solenni
346 1575 547 1611 verborum
580 1575 853 1622 conceptione,
883 1578 941 1613 vel
970 1577 1007 1614 in
1032 1577 1111 1616 solo
1134 1591 1226 1618 con-

103 1643 232 1690 sensu,
286 1645 344 1681 vel
382 1643 420 1681 in
460 1645 577 1681 literis
625 1645 823 1693 confistit3
878 1648 975 1684 unde
1007 1658 1223 1689 contractus

103 1715 249 1760 reales,
288 1715 480 1761 verbula,
520 1715 769 1762 confienszmlcs
798 1724 833 1752 et
856 1716 1038 1755 literalcs.
1094 1718 1228 1758 Omni·

103 1783 174 1820 bus
199 1794 289 1820 vero
316 1782 376 1820 his
411 1784 665 1821 contractibus
702 1785 774 1821 hoc
804 1785 987 1831 peculiare
1011 1795 1092 1833 est,
1124 1789 1228 1835 quod

104 1852 343 1901 quotidianus
374 1850 463 1890 usus*
497 1851 649 1900 fingnlis
676 1852 838 1900 negotiis
875 1853 1098 1900 peculiarem
1124 1856 1231 1895 dedit·

101 1923 442 1961 determinationem
484 1931 520 1960 et
555 1922 613 1960 his
647 1923 933 1961 convenientem
961 1925 1119 1963 actionis
1148 1927 1229 1965 for-

101 1993 237 2031 mulam
280 1993 363 2041 (2).
442 1993 616 2040 Antiquo
650 1994 746 2031 enim
776 1994 859 2041 jure
897 2003 1110 2035 contractus
1147 1989 1229 2036 non*

101 2072 245 2112 tantum
279 2061 449 2110 causam,
489 2061 550 2100 sed
582 2072 618 2100 et
641 2073 779 2101 nomen
815 2064 1041 2111 requirebat.
1107 2067 1223 2108 Hunc

1185 2139 1224 2179 in

138 2228 192 2264 (ι)
213 2227 283 2256 Vid.
306 2228 461 2263 Gliick,
479 2229 500 2257 1.
519 2230 540 2257 1.
563 2228 656 2259 Tom.
680 2230 737 2258 IV.
762 2231 793 2258 Ρ.
817 2230 842 2259 1.
863 2230 892 2267 ξ.
915 2232 971 2266 306
992 2231 1035 2267 sq.

143 2284 198 2320 (2)
218 2283 295 2313 Vid.
312 2285 633 2323 Mendes-marist.
656 2287 678 2316 1.
698 2294 730 2323 p.
752 2289 801 2322 67·
