1524 2850
294 258 368 315 ³224
584 266 1117 321 ORATIQ

297 394 458 449 tidiano
500 394 704 448 sufficere
731 401 956 448 videretur.
1015 401 1140 446 Adeo
1167 401 1287 446 simul
1309 409 1421 462 per-‘

298 482 433 526 fectae
468 488 565 525 sunt
607 495 753 525 omnes
791 474 1058 538 operationes
1089 478 1172 522 huc
1212 486 1416 537 spectan-

298 563 360 604 tes
375 592 387 613 ‚
430 558 471 602 e't
497 565 658 601 tantum
700 557 1024 600 emolumentum
1066 555 1300 614 largiuntur
1315 588 1329 610 ‚
1369 562 1416 601 ut

298 636 367 680 his
407 634 671 694 temporibus
711 639 751 677 et
789 632 834 675 in
870 631 1053 676 Francia
1090 634 1233 691 plures
1275 639 1416 676 extent
1449 629 1453 632 ’

300 711 515 765 fabricae,
569 711 615 755 in
651 709 804 767 quibus
838 708 920 753 hac
963 708 1128 754 ratione
1164 708 1416 753 saccharum

298 806 350 836 ex
388 788 497 834 betis
547 794 751 847 paratur,
805 799 884 830 nec
926 786 1063 830 desint
1100 785 1194 829 illae
1231 785 1332 830 item
1372 786 1417 829 in

297 867 438 929 patria
465 872 625 910 nostra.

385 943 468 988 Hic
520 940 787 985 utilissimum
833 938 936 982 illud
1001 940 1265 995 Raymondi
1323 956 1421 995 pa·-

299 1023 390 1064 iris
439 1019 654 1063 inventum
700 1015 875 1060 reticere
922 1028 1010 1058 non
1060 1014 1170 1059 lieet.
1249 1014 1420 1073 Magnis

299 1095 500 1143 adhibitis
536 1093 648 1139 curis
664 1124 676 1147 ‚
706 1092 931 1149 multisque
966 1092 1186 1136 laboribus
1225 1106 1276 1136 eo
1312 1107 1420 1152 per-

298 1173 441 1228 venit,
491 1179 538 1216 ut
574 1171 796 1215 inlocum
837 1169 987 1214 exotici
1029 1176 1070 1212 et
1105 1169 1278 1212 maximi
1315 1184 1420 1228 pre-

298 1251 348 1296 tii
401 1249 510 1294 illius
565 1246 810 1307 pigmenti,
871 1245 988 1302 quod
1040 1245 1192 1304 Indigo
1246 1246 1418 1300 dicunt,

299 1340 388 1386 quo
428 1325 484 1370 ad
521 1325 626 1369 telas
665 1323 865 1367 coeruleo
904 1321 1189 1381 pulcherrimo
1219 1321 1420 1367 imbuen-

300 1406 379 1450 'das
425 1403 568 1448 colore
610 1408 785 1445 utuntur
800 1431 812 1453 ‚
856 1398 979 1442 aliam
1017 1397 1235 1442 materiem
1277 1399 1447 1442 illa1n-·

300 1497 382 1541 que
419 1475 521 1527 vilis'
551 1478 676 1540 pretii
728 1476 1010 1522 substitueret.
1100 1475 1266 1519 Primus
1308 1476 1419 1519 enim

300 1559 446 1604 docuit
497 1558 544 1601 in
594 1555 783 1614 tingendi
845 1561 935 1597 arte
989 1552 1044 1595 ad
1093 1551 1261 1595 easdem
1314 1551 1419 1596 fines

299 1642 569 1697 cyanuretum
610 1632 710 1677 ferri
748 1639 789 1676 et
827 1629 1004 1690 potassii
1021 1657 1024 1661 -
1041 1629 1269 1683 adhibere,
1301 1630 1419 1686 quod

298 1729 381 1774 ope
423 1711 585 1758 sulfatis
624 1709 831 1770 peroxydi
872 1707 973 1752 ferri
1001 1706 1218 1750 solutionis
1247 1705 1419 1750 infixum

296 1791 410 1845 telis,
440 1787 769 1850 pulcherrimum
810 1792 850 1829 et
890 1790 1151 1828 constantem
1182 1783 1420 1827 coeruleum

298 1869 379 1913 illis
416 1866 531 1911 dedit
570 1866 775 1915 colorem,
808 1876 932 1919 quem
968 1859 1163 1904 omnibus
1203 1859 1418 1917 cognitum

298 1943 483 1989 coerulei
508 1938 790 1986 Berolinensis
825 1937 993 1981 nomine
1034 1950 1198 1981 censeo.
1283 1939 1420 1992 Ray-

296 2024 462 2065 'mondo
492 2021 653 2076 patri,
691 2015 736 2058 id
770 2013 969 2058 successit
1011 2021 1201 2067 tantum,
1232 2013 1419 2058 utilium
1456 2005 1485 2065 ,Δ

295 2098 488 2143 'colorem
529 2094 619 2138 telis
647 2108 696 2137 ex
723 2091 858 2136 serico
874 2123 885 2144 ,
911 2090 1108 2150 gossypio
1132 2097 1173 2135 et
1197 2089 1281 2135 lino
1309 2105 1419 2135 con-

299 2173 422 2218 fectis
451 2172 528 2216 rite
555 2169 805 2222 adhiberet,
830 2167 905 2212 sed
931 2167 1064 2227 patris
1100 2181 1297 2227 premens
1320 2182 1420 2212 ves-

292 2249 580 2313 tigiadlec'us,
611 2244 821 2307 superiori
860 2259 973 2290 anno
1012 2244 1136 2289 etiam
1168 2251 1268 2304 post
1304 2245 1420 2289 mul-

292 2334 317 2342 ””
410 2346 414 2351 ’
834 2345 848 2352 „
1349 2328 1420 2366 tos
