1483 2860
189 203 256 250 ‚5⁶
441 184 1101 242 COMMENTATIO

209 321 357 360 quum,
395 320 431 349 et
468 311 507 349 in
537 309 762 353 instituendo
797 307 876 345 filio
914 292 1006 353 suo,
1033 302 1130 343 etin
1156 301 1310 352 imperio

207 380 497 419 administrando
544 378 756 418 Gebehardi
785 377 922 416 auxilio
959 375 1029 414 fibi
1063 385 1161 423 opus
1207 372 1315 411 esset.

208 449 395 488 Nonnulli
424 451 522 487 hunc
561 448 666 486 etiam
696 447 854 486 invitum
887 448 932 486 ad
961 444 1146 494 Episcopi
1181 440 1323 482 Romae

203 519 248 557 'ni
283 519 498 568 dignitatem
537 526 705 556 evectum
749 516 948 564 dixerunt3
1003 515 1062 554 vel
1103 513 1152 552 fic
1194 520 1317 551 tamen

209 589 452 636 Gebehardus
482 588 600 626 statim
629 588 786 625 Romam
821 586 856 624 se
886 585 1211 632 contulit,ratque
1241 581 1320 629 ibi,

208 669 361 705 auctore
406 658 660 697 Hildebrando
681 685 695 704 ,
746 665 941 704 antequam
991 665 1128 693 munus
1170 652 1319 699 obiret,

188 728 526 768 v'confirmationem
561 727 693 777 populi
725 738 765 765 ac
793 725 882 764 cleri
906 723 1063 763 Romani
1098 720 1322 773 postulavit*-

205 801 367 848 ‘Synodo
405 799 534 838 deinde
567 797 776 837 Florentiae
819 804 1050 842 convocata,
1090 791 1235 842 (1055)
1270 789 1317 829 fi-

212 869 373 908 moniam
401 882 443 909 ac
471 868 654 908 Ecclefiae
690 867 874 904 bonorum
899 864 1155 902 alienationem
1173 890 1187 910 ‚
1213 861 1327 899 inter-

212 939 330 988 posita
371 936 762 978 excommunicationis
801 946 949 983 poena,
1000 932 1194 983 prohibuit
1227 931 1328 981 (1),

210 1009 272 1048 sed
307 1010 451 1047 decreta
471 1007 701 1056 exsequenda
738 1005 961 1043 imbecillius
985 1002 1130 1043 curavit
1156 1003 1237 1051 (ε).

263 1079 450 1117 Henricus
486 1079 566 1124 ΙΙΙ,
588 1079 661 1127 J‘am
689 1075 964 1122 moribundus,
989 1073 1180 1113 Victorem
1203 1071 1254 1109 11.
1281 1071 1327 1115 ad

212 1147 249 1192 se
285 1148 409 1188 rursus
451 1148 667 1194 accersivit,
719 1158 760 1184 ac
807 1145 923 1183 filium
974 1142 1106 1190 suum,
1159 1142 1328 1180 futurum

209 1218 420 1271 ‘Henricum
453 1218 535 1265 IV,
563 1217 601 1256 in
632 1217 743 1266 hujus
768 1215 973 1252 clientelam
1000 1213 1194 1252 commisit,
1237 1213 1330 1251 Post

210 1282 356 1326 vobitum
387 1291 476 1325 vero
508 1286 745 1335 Imperatoris
779 1287 948 1334 (1056),
985 1286 1080 1334 Papa
1115 1283 1326 1331 honorifico

213 1358 288 1407 hoc
332 1368 480 1395 munere
524 1356 623 1395 haud
659 1355 723 1393 diu
766 1353 917 1392 functus
964 1364 1044 1401 est3
1096 1352 1171 1402 ipse
1204 1353 1330 1400 enim,

213 1437 416 1481 postquam
457 1438 521 1476 per
566 1428 662 1465 duos
698 1433 841 1463 tantum
879 1435 996 1461 annos
1036 1422 1187 1472 papatui
1226 1433 1332 1471 prae-

213 1495 371 1544 fuisset,
400 1497 564 1543 dumque
597 1494 713 1532 multa
745 1493 789 1531 ad
821 1492 1019 1530 maximum
1055 1490 1205 1545 imperii
1229 1501 1334 1528 com-

211 1561 368 1613 'modum
419 1566 489 1616 (3)
539 1563 800 1613 Ecclessaeque
858 1561 1147 1600 emendationem
1207 1559 1331 1598 animo

1249 1641 1333 1675 vet·

256 1758 312 1795 (ι)
333 1757 383 1786 De
407 1757 467 1786 hoc
486 1754 621 1785 concilio
648 1755 808 1783 videantur
833 1751 1051 1784 Harduini,
1072 1751 1155 1778 Acta
1181 1749 1335 1778 commo·

215 1822 309 1849 gum,
340 1814 430 1841 Tom.
459 1812 516 1841 Vl.
553 1812 630 1840 Part.
662 1811 688 1840 1.
719 1818 787 1845 pag.
818 1815 913 1843 10:393
950 1807 1123 1838 conferatur
1158 1806 1246 1834 etiam
1274 1792 1337 1842 Pe:

217 1869 274 1914 fri
309 1869 492 1898 Damiani
522 1869 670 1903 epistola,
705 1875 780 1902 quae
818 1870 863 1894 es't
892 1864 922 1891 in
955 1864 1037 1893 illius
1073 1863 1217 1899 operibus
1237 1871 1255 1891 a
1279 1864 1337 1891 Ca-

217 1915 326 1960 ¹jetano
364 1925 500 1961 collatis,
541 1925 640 1961 Epist.
673 1924 741 1953 Lib.
772 1925 824 1952 1v.
860 1923 958 1958 Epist.
999 1930 1044 1950 ω.
1079 1921 1169 1950 Tom.
1199 1921 1225 1949 1.
1265 1927 1335 1956 pag,

222 1988 298 2018 123.-

257 2042 310 2074 (2)
330 2040 422 2068 conf.
446 2039 525 2067 idem
548 2040 584 2067 nd
615 2038 769 2066 Victorem
788 2037 828 2066 11.
856 2035 879 2065 i.
905 2043 932 2064 c.
963 2034 1061 2070 Epist.
1085 2033 1155 2062 Lib.
1177 2034 1204 2063 1.
1235 2033 1333 2069 Epist.

223 2106 251 2132 s.
272 2097 362 2126 Torn.
385 2097 412 2125 1.
436 2098 558 2135 Pag.·6.
1320 2087 1324 2091 ’

254 2153 308 2191 (s)
335 2153 428 2181 Conf.
458 2151 625 2185 Nauck,
655 2152 677 2178 1.
700 2158 727 2178 c.
756 2149 807 2177 lv.
831 2150 864 2177 15.
894 2148 917 2176 1.
949 2140 1085 2175 Abschnj
1108 2154 1176 2180 pag.
1200 2154 1246 2182 ⁵⁴·
1278 2151 1332 2180 et,

223 2219 312 2247 quem
344 2209 560 2239 Planckius
600 2207 641 2235 ibi
677 2207 782 2235 citavit
823 2206 1065 2233 Lambertus
1100 2205 1259 2233 schafn.
1299 2204 1335 2232 nd

224 2274 331 2310 annum
361 2270 443 2301 1036.
