1560 2860
487 270 877 324 ORATIO.-
1178 275 1238 327 6?

117 428 315 464 mearum
346 421 568 472 adjuncta
608 427 840 472 retentus,
880 414 1148 476 probationi
1188 434 1237 463 se

123 512 212 539 non
240 498 419 540 obtulit.
448 494 550 554 (lto)

180 663 248 712 Tu
277 659 403 725 igitur
431 658 593 725 primus
620 666 704 709 huc
736 666 937 721 accedas,
969 667 1234 714 ornatissime

122 738 271 789 Luca
301 742 533 788 Frede1
522 755 605 787 1ce
635 743 904 787 Verenet!
937 765 982 776 -
1046 743 1141 788 Hoc
1169 743 1238 789 Tu

121 821 355 880 praemium
397 818 604 878 accipias,
646 818 811 863 liberali
854 819 972 864 Tuae
1008 827 1135 877 atque
1159 834 1238 864 ac-

122 904 293 941 curatae
333 895 551 940 doctrinae
591 892 790 942 debitum.
881 893 1021 954 Quam
1062 895 1237 940 feliciter

124 971 358 1017 Literarum
384 971 682 1029 elegantiorum
711 984 832 1014 amor
858 981 953 1015 cum
981 972 1237 1018 severiorum

125 1035 622 1091 studiorum‘suhtilitate
653 1045 849 1103 conjungi
886 1047 1048 1106 possit,
1078 1054 1119 1092 et
1159 1061 1238 1107 per

123 1122 450 1167 laudatissimam
467 1121 591 1164 vitam
606 1122 889 1166 academicam
906 1122 1031 1167 nobis
1057 1122 1239 1168 demon-

125 1197 291 1251 strasti,
324 1203 362 1241 et
382 1196 591 1240 luculento
612 1209 723 1242 nunc
752 1197 1005 1243 documento
1042 1197 1239 1244 omnihus

121 1272 328 1333 probasti.
390 1273 539 1331 Quod,
572 1288 699 1331 quam
721 1272 821 1317 Tibi
843 1273 1125 1318 honorificum
1150 1282 1240 1345 est

123 1354 209 1394 tam
239 1343 362 1393 nobis
391 1350 545 1393 laetum
574 1349 778 1393 accidisse
806 1363 855 1393 ac
882 1349 1133 1408 jucundum,
1168 1365 1238 1396 me

116 1433 315 1479 tacente,
360 1424 426 1469 Tu
463 1424 642 1469 novisti¹
700 1425 765 1469 Ita
802 1433 940 1470 autem
982 1425 1082 1470 Tibi
1121 1426 1240 1472 Deus

124 1502 234 1545 adsit
258 1515 507 1560 precamur,
547 1509 591 1545 ut
625 1515 674 1546 ex
706 1500 958 1560 praeclaris,
1000 1510 1107 1560 'quas
1139 1496 1242 1548 Tibi

125 1577 357 1630 concessit,
403 1576 571 1621 dotibus
614 1576 839 1637 plurimum
888 1572 1155 1623 emolumenti
1193 1574 1241 1623 in

127 1653 284 1699 Christi
325 1653 579 1698 Societatem
623 1668 750 1710 quam
800 1650 1031 1698 diutissime
1078 1652 1242 1698 redum*

128 1729 222 1776 det!
248 1728 352 1789 (ιιι)

185 1875 255 1926 Tu
284 1879 408 1925 etiam
445 1874 528 1924 huc
562 1880 737 1933 adesto,
769 1873 1122 1939 praestantissime
1144 1872 1242 1925 Ca*

128 1957 249 2001 role
292 1956 605 2002 Francisce
647 1968 748 1999 van
791 1951 1014 2000 Setten!
1060 1980 1117 1989 —
1178 1956 1245 2001 Ita

45 2050 51 2058 ·
129 2033 197 2078 Tu
227 2033 504 2078 honorificum
538 2031 723 2090 accipias
762 2031 897 2076 laudis
934 2025 1244 2087 testimonium,

123 2115 179 2152 ut
212 2123 236 2152 a
272 2108 565 2153 Commilitone
603 2109 665 2152 Te
695 2107 849 2152 victum
882 2122 996 2161 esse,
1028 2116 1163 2153 aetate
1203 2113 1245 2153 et

131 2196 255 2227 cursu
289 2184 520 2231 studiorum
554 2184 840 2243 provectiore,
872 2198 1005 2241 eoque
1032 2184 1084 2227 V
1082 2197 1243 2226 erene-v·

131 2261 221 2312 tio,
247 2273 512 2318 nequaquam
541 2260 697 2304 doleas,
766 2253 951 2304 Laeteris
984 2251 1126 2318 potius
1164 2266 1243 2303 vel-³·

131 2332 228 2388 lim,
293 2335 431 2390 quod,
486 2335 620 2380 tribus
662 2333 752 2378 aliis
792 2325 1004 2394 praelatus
1046 2334 1241 2387 aemulis,

669 2410 705 2455 E
737 2413 767 2455 2
1125 2410 1246 2454 νέοι
