1560 2860
309 279 366 323 38
671 277 1054 324 ORATIO.

311 422 424 469 sent,
478 421 549 460 aut
587 429 635 476 ex
674 415 1028 476 Philosophorum
1074 415 1230 460 scholis
1270 423 1416 461 extur-

313 490 435 537 bare!

370 720 465 766 Hoc
500 721 655 766 malum
695 721 833 766 adhuc
863 722 1011 768 avertit
1045 735 1095 767 ac
1120 729 1269 781 postea
1298 734 1422 765 aver-

315 803 397 852 tet,
450 796 678 843 dummodo
737 805 851 844 recte
893 807 1106 859 percepta
1133 831 1160 853 ,‚
1215 797 1423 844 Doctrina

318 872 647 920 Christiana
658 892 671 933 3
711 875 828 934 cujus
868 875 1144 922 admonitioni
1177 874 1425 935 purissimas

319 964 508 1009 quasque
541 951 594 997 de
623 952 718 998 Deo
756 952 928 998 notitias
968 953 1219 1010 Philosophi
1267 952 1429 996 debue-

317 1035 442 1081 runt,
474 1035 681 1087 quotquot
704 1043 795 1072 earn
822 1042 1012 1072 errorum
1038 1027 1309 1087 expultricem
1330 1041 1429 1072 suos

320 1103 377 1148 ad
410 1104 572 1150 animos
609 1105 913 1159 adhibuerant,
943 1112 1013 1150 aut
1053 1112 1165 1150 certe
1190 1104 1429 1148 sublimium

317 1179 451 1240 ipsius
472 1181 735 1227 decretorum
752 1182 1033 1241 cognitionem
1056 1181 1232 1239 aliquam
1262 1195 1311 1225 ex
1336 1180 1432 1239 pri-

321 1271 416 1303 mae
438 1257 524 1315 jam
556 1258 702 1303 aetatis
736 1257 954 1318 disciplina
981 1258 1218 1304 hauserant.
1250 1258 1289 1301 A
1310 1271 1432 1301 com-

321 1333 605 1379 memorandis
645 1334 814 1392 quidem
868 1335 1023 1380 meritis
1040 1367 1053 1390 ‚
1114 1335 1266 1392 quibus
1308 1336 1433 1379 1)]ιί-

324 1410 556 1465 losophiae
604 1410 728 1454 etiam
778 1414 833 1454 de
882 1413 1018 1465 rebus
1060 1414 1245 1456 Divinis
1300 1425 1432 1471 pror-

323 1497 394 1528 sus
441 1485 638 1544 singulari
685 1487 847 1532 ratione
895 1489 1102 1547 profuerit
1152 1488 1259 1533 haec
1309 1489 1433 1533 Doc-

327 1560 466 1616 trina,
521 1578 645 1621 aegre
693 1577 761 1608 me
806 1564 945 1609 adhuc
991 1566 1247 1624 temperasse
1297 1565 1436 1609 confi-

324 1641 420 1681 teor
438 1637 556 1697 (31).
615 1640 770 1684 Verum
806 1647 923 1685 tanta
956 1648 1053 1685 sunt
1083 1656 1133 1685 ac
1166 1648 1253 1685 tam
1285 1641 1436 1685 eximia

324 1710 432 1757 haec
476 1714 651 1769 merita,
712 1731 821 1772 quae
865 1731 919 1760 ne
956 1717 1216 1760 disertissimi
1267 1718 1436 1774 quidem

328 1787 527 1835 Oratoris
569 1805 675 1845 vox,
718 1791 872 1835 nedum
912 1806 1031 1846 mea,
1080 1793 1201 1837 sicuti
1240 1808 1321 1852 par
1351 1801 1436 1849 est,

330 1865 544 1911 celebrare
577 1866 741 1925 possit!
783 1868 868 1913 Vos
896 1867 1041 1927 igitur,
1071 1869 1320 1916 Auditores!
1350 1885 1438 1916 non

329 1952 419 1995 me,
461 1941 537 1986 sed
578 1949 766 1987 nostram
810 1943 948 2002 potius
985 1945 1214 2004 sapientiae
1249 1947 1436 2003 Ducem,

330 2015 584 2072 Historiam,
616 2019 840 2063 consulatis
865 2020 1008 2074 velim,
1038 2029 1111 2076 ut,
1141 2022 1264 2081 hujus
1297 2025 1437 2070 edocti

330 2093 576 2139 testimoniis
595 2127 608 2149 ,
637 2095 898 2153 intelligatis,
930 2104 1088 2154 quanto
1112 2105 1151 2142 et
1184 2115 1309 2157 quam
1340 2102 1441 2146 uni·

332 2183 384 2214 co
409 2170 490 2216 Dei
520 2171 649 2230 ipsius
677 2171 908 2228 beneficio,
951 2174 1020 2220 illa
1054 2175 1255 2234 Magistra
1294 2178 1436 2225 homi-

330 2260 430 2293 num
469 2248 610 2307 generi
638 2262 836 2294 concessa
863 2249 944 2304 sit,
975 2258 1015 2295 et
1053 2267 1178 2310 quam
1215 2254 1438 2302 immorta-

330 2323 440 2372 libus
467 2339 518 2371 ea
541 2324 690 2372 officiis
722 2329 1043 2386 philosopham
1079 2343 1247 2389 quoque
1287 2335 1437 2380 Theo-

1365 2413 1438 2455 lo-
