1483 2860
190 210 240 248 60
417 208 1088 250 COMMENTATIO

184 317 256 355 bus
290 328 380 356 vero
417 318 558 357 Romae
592 318 724 356 vicinis
749 318 1102 368 Nicolausseptem
1129 316 1307 359 nomina?

181 386 267 438 vit,
305 388 352 425 ad
388 399 484 436 quos
512 399 596 425 cum
633 389 774 437 Papas,
815 398 892 427 turn
928 390 1113 436 clericos,
1148 390 1296 428 creandi

181 455 244 504 ius
276 457 499 504 pertineretg.
530 458 626 494 unde
647 469 773 495 eorum
800 458 960 506 dignitas
986 458 1159 496 omnibus
1183 458 1296 506 aliis5

183 527 338 573 excepta
371 525 519 574 papali,
546 526 712 574 superior
746 528 870 566 evasit.
925 528 1077 566 Exstitit
1102 529 1151 566 ita
1181 527 1298 567 Curia

184 595 361 641 quaedam
395 596 714 643 Sacro-Sancta,
769 598 877 646 cujus
911 598 1168 636 auctoritatem
1205 606 1300 635 non·

182 664 305 701 nullae
337 674 492 714 genteS‚
528 678 562 705 e.
601 678 640 715 g.
678 666 810 713 Galli,
850 667 1000 717 majoris
1040 679 1149 716 quam
1182 665 1296 716 ipsius

180 734 300 782 Papae
332 735 513 775 fecerunt.
587 736 713 786 Hujus
746 745 869 775 autem
908 736 1064 775 instituti
1097 737 1174 775 vim
1208 736 1300 774 ube·

180 803 258 843 rius
295 805 503 853 exponendi
530 805 570 844 in
600 808 714 845 altera
750 804 1073 846 commentationis
1104 814 1208 855 parte
1232 817 1302 854 op-

181 875 447 923 portunitatem
480 876 697 914 habebimus
726 877 807 925 (1).

233 946 374 983 Eodem
409 956 506 983 anno
542 947 715 994 (1059)‚
767 947 861 994 Papa
899 946 1088 984 anathema
1123 945 1161 982 in
1196 945 1298 983 Nor-

179 1026 334 1054 mannos
359 1027 378 1055 a
411 1015 540 1055 Leone
570 1016 636 1053 IX.
665 1017 778 1053 latum
812 1015 948 1062 solvit,
977 1023 1089 1063 atque
1114 1016 1196 1065 jure
1229 1013 1294 1052 suo

178 1083 227 1122 iis
250 1085 454 1133 Apuliam,
482 1085 691 1124 Calabriam
717 1095 752 1123 et
781 1085 939 1123 Siciliam
955 1113 968 1130 ,
995 1095 1171 1132 tanquam
1197 1095 1300 1132 prae-

181 1155 282 1193 dium
318 1156 589 1196 beneficiarium
622 1155 683 1194 seu
716 1155 873 1194 fundum
908 1156 1179 1201 clientelarem‚
1207 1164 1298 1190 con-

178 1226 286 1265 cessit
313 1228 410 1276 (2);
451 1229 526 1275 qua
561 1226 692 1276 agendi
728 1226 871 1264 ratione
907 1225 1026 1274 quieti
1065 1235 1141 1262 non
1173 1223 1297 1261 minus

181 1308 290 1343 quam
324 1296 510 1343 potentiae
541 1296 750 1342 consuluit,
777 1308 860 1333 cum
886 1305 921 1333 et
944 1295 1090 1332 hostem
1121 1293 1297 1331 infestum

180 1376 393 1414 amoveret,
422 1376 457 1404 et
486 1367 548 1416 jus
576 1367 622 1404 de
655 1366 746 1403 orbe
781 1375 957 1403 terrarum
985 1363 1202 1402 Christiano
1227 1374 1296 1410 pro

177 1436 304 1476 lubitu
348 1436 568 1483 disponendi
613 1435 679 1473 fibi
724 1443 935 1482 competere
975 1431 1083 1470 factis
1123 1431 1298 1468 ostende-

178 1512 234 1542 ret
271 1505 353 1553 (3).
407 1504 537 1542 Talem
562 1512 684 1542 autem
710 1502 983 1541 concessionem
1018 1501 1083 1539 fibi
1110 1500 1209 1538 haud
1233 1510 1297 1538 ne-

177 1574 365 1615 cessariam
400 1572 478 1617 esse
509 1573 628 1621 probe
664 1572 829 1610 sciebant
869 1569 1101 1616 Nol-manni,
1131 1569 1197 1616 qui
1230 1563 1326 1607 an-'

176 1655 235 1687 tea
269 1647 344 1696 jam
378 1646 437 1683 his
481 1645 696 1694 regionibus
741 1642 853 1692 potiti
889 1642 1052 1679 fuerant.
1113 1640 1295 1678 Nicolaus

176 1728 266 1756 vero
294 1716 345 1755 ita
372 1726 483 1764 agens
498 1743 511 1762 ‚
541 1724 582 1753 ut
597 1742 609 1761 ,
624 1714 929 1752 Normannorum
958 1709 1098 1749 auxilio
1121 1709 1293 1757 adjutus,

1197 1777 1290 1816 sedis

218 1899 273 1935 (ι)
301 1897 368 1926 Vim
393 1896 481 1930 hujus
506 1897 633 1928 instituti
666 1896 787 1931 egregie
830 1893 971 1929 exposuit
1004 1892 1178 1927 Planck,
1212 1892 1235 1920 1.
1267 1899 1295 1920 e.

180 1957 220 1985 11.
255 1956 292 1984 Β.
314 1956 340 1985 1.
376 1956 436 1983 Ab.
465 1962 495 1989 p.
521 1957 664 1986 72—82.
701 1968 736 1974 -
766 1953 813 1980 De
848 1953 957 1979 eodem
991 1955 1166 1983 argumento
1207 1948 1295 1977 conf.

175 2013 266 2047 huius
299 2010 572 2041 commentationis
606 2006 682 2039 Pa‘n.
722 2009 765 2038 11.
803 2010 878 2043 Cap.
907 2008 930 2036 Ι.
970 2006 998 2042 §.
1031 2015 1060 2035 2.
1091 2012 1121 2033 et
1149 2006 1225 2040 Cap.
1248 2005 1293 2033 11.

179 2071 210 2108 §-
234 2081 261 2100 ε.
282 2076 313 2098 et
346 2068 604 2100 Gieseler.1.
627 2075 654 2094 e.
684 2067 727 2095 11.
757 2067 789 2094 Β.
813 2066 835 2093 1.
860 2065 920 2093 Ab.

219 2128 274 2164 (2)
302 2127 371 2154 Vid.
394 2126 575 2157 Hecaten,
601 2124 750 2160 Gevolgen
773 2123 827 2150 der
849 2122 1072 2157 Kruiseognn‚
1095 2128 1161 2155 pag.
1185 2127 1234 2154 73,

213 2184 267 2220 (3)
286 2183 369 2211 Hanc
394 2181 529 2209 callidam
553 2179 674 2209 Nicolai
699 2187 768 2214 erga
797 2179 985 2206 Normannos
1015 2178 1122 2212 agendi
1144 2176 1315 2212 racionem!

177 2242 210 2270 vi
237 2249 268 2270 et
292 2239 421 2270 consiliis
448 2237 639 2271 Hildebrandi
671 2236 776 2265 tribuit
803 2233 1042 2269 Planckius,
1075 2235 1096 2262 1.
1120 2242 1149 2263 c.
1174 2235 1229 2264 IV.
1256 2235 1293 2265 Β.

185 2300 211 2328 1.
234 2299 292 2326 Ab.
314 2304 380 2334 pan.
404 2300 442 2327 σο
462 2295 547 2330 seqq.
