1483 2860
420 250 931 293 LITERARIA.
1147 268 1226 307 103

99 359 180 399 trio
212 370 338 409 gerere
363 368 399 400 et
428 355 660 411 tyrannidem
689 361 756 401 fibi
780 361 953 402 affectare
985 368 1108 411 usque
1134 376 1224 412 qua-

100 441 179 479 ·que
217 432 406 481 pergebat.
460 432 629 480 Omnes,
670 433 735 482 qui
757 434 846 472 olim
872 431 1098 482 reipublicae
1119 432 1222 472 fave-

100 509 211 549 rant,
249 501 410 541 vinculis
442 494 778 551 devinciebantur,
803 505 850 542 ad
893 502 1219 551 sanguinolentum

99 570 263 610 tribunal
290 572 552 621 rapiebantur,
600 574 823 623 tormentis,
862 574 1080 614 verberibus
1105 582 1219 624 atque

98 641 202 680 omni
238 641 422 692 supplicio
461 643 663 682 excruciati
685 645 926 686 necabantur.
1190 683 1193 684 γ

139 709 219 760 Qui
244 710 502 750 Gulielmi
529 712 700 761 partibus
733 711 883 752 fuerant
913 713 1051 752 addicti
1073 714 1216 763 gravis-

89 776 197 817 fimas
233 791 371 828 poenas
403 792 481 820 non
521 781 762 832 effugerunt,
817 783 926 822 bonis
957 782 1031 822 suis
1062 793 1098 822 et
1137 785 1213 823 vita

87 849 309 898 plerumque
331 851 645 892 destituebantur.
697 853 753 893 Ut
775 863 898 892 tamen
922 865 1000 892 non
1026 853 1072 892 ab
1108 855 1212 893 omni

89 919 286 959 clementia
325 920 487 960 alienum
517 922 708 961 videretur
749 922 1021 962 atrocisfimum
1072 924 1211 972 Hispa-

85 999 222 1029 norum
266 990 495 1041 imperium,
539 992 714 1031 omnibus
748 993 820 1042 iis,
864 993 930 1042 qui
970 992 1011 1031 in
1047 994 1209 1033 vetustis

84 1059 210 1099 turbis
226 1063 351 1111 ‘culpa
382 1061 419 1101 se
443 1063 544 1102 haud
569 1061 721 1103 *vacasse
755 1063 1023 1103 confiterentur
1061 1065 1208 1104 veniam

82 1129 200 1171 dedit.
556 1126 559 1139 ³

130 1202 245 1242 Nova
276 1201 433 1252 insuper
476 1214 597 1252 eaque
631 1203 782 1243 minime
819 1203 970 1243 ferenda
1012 1215 1126 1243 onera
1150 1202 1206 1243 ci-³

80 1271 196 1313 vibus
235 1272 428 1323 imponere
457 1268 685 1313 Albanus
720 1270 913 1313 constituit
923 1287 939 1321 3
981 1274 1136 1324 perinde
1169 1286 1213 1313 ac

84 1342 112 1381 fi
139 1342 299 1392 experiri
327 1343 516 1391 voluerit,
545 1343 730 1391 quatenus
764 1342 963 1392 Belgarum
993 1342 1209 1392 patientiam

82 1412 258 1452 lacessere
296 1413 436 1461 posset.
489 1413 649 1453 Novum
681 1413 779 1452 enim
817 1425 854 1453 a.
902 1415 1016 1464 1569.
1057 1412 1209 1452 censum

84 1484 259 1532 induxit,
299 1495 377 1531 quo
410 1484 577 1522 omnium
611 1484 801 1523 bonorum
835 1483 1099 1531 centefimam‚
1138 1479 1210 1522 soli

78 1565 268 1607 praeterea
296 1553 511 1603 vigesimam
545 1553 791 1602 omniumque
824 1565 947 1592 rerum
971 1553 1208 1593 venditarum

83 1625 263 1666 decimam
300 1623 438 1673 exegit.
501 1623 715 1663 Inauditum
754 1623 830 1663 fine
870 1625 989 1663 dubio
1031 1625 1204 1674 facinus,

76 1689 220 1736 civium
261 1694 472 1734 commodis
514 1693 810 1734 infestissimum.
892 1694 985 1733 Tria
1014 1694 1205 1743 concilia,

82 1767 272 1814 Ordines,
299 1763 475 1814 Viglii
505 1762 721 1812 sermones,
751 1765 853 1813 apud
879 1764 1069 1803 hominem
1090 1769 1205 1814 perti-

79 1848 205 1878 nacem
232 1846 311 1875 non
336 1843 481 1874 tantum
501 1833 768 1883 invaluerunt,
795 1843 838 1873 ut
857 1835 903 1874 ab
938 1835 1108 1875 instituto
1141 1835 1205 1874 de-

79 1907 237 1949 fisteret.
291 1904 455 1947 Censum
486 1904 685 1944 instantius
722 1905 891 1954 quotidie
929 1906 1085 1955 urgebat
1116 1906 1204 1955 (1).

98 1974 102 1977 ’
233 1983 239 1985 ’
1143 1976 1208 2015 Ad

120 2092 176 2129 (ι)
195 2091 270 2122 Vid.
289 2091 444 2128 vigui,
483 2091 726 2121 Commentarius
757 2101 864 2122 rernm
896 2099 1040 2122 actarum
1067 2099 1201 2129 tempore

79 2144 179 2178 Ducis
199 2148 455 2186 Albanisuper
472 2158 550 2179 nova
570 2150 756 2187 impositione
768 2151 825 2186 fia
843 2152 997 2188 vectigali
1020 2150 1132 2179 decenn·
1149 2150 1202 2179 de·

79 2208 170 2235 narii
195 2216 298 2235 rerum
315 2208 536 2243 venditarum,
555 2208 636 2243 apud
655 2208 689 2238 P.
715 2208 754 2238 C.
783 2209 829 2238 de
858 2209 1004 2243 Hoync
1030 2215 1106 2237 van
1134 2211 1198 2238 Pa-

78 2264 322 2300 nemimem,
344 2265 605 2300 Analectwsselg.
633 2265 730 2295 Tom.
757 2265 784 2294 1.
806 2266 875 2294 Pars
902 2265 929 2294 1.
956 2272 1023 2302 pag.
1047 2266 1103 2298 287
1131 2264 1198 2299 sqq.

77 2321 129 2349 De
152 2319 306 2356 Tassis,
328 2321 387 2357 op.
414 2322 436 2350 1.
455 2327 525 2358 pag.
549 2328 610 2359 ¹40.
632 2321 698 2357 sqq.
722 2317 886 2358 vigui,
906 2320 1005 2357 Epist.
1031 2321 1067 2350 ad
1097 2321 1198 2355 Hop-

1144 2383 1191 2412 pe
