1483 2860
435 221 947 271 LITERARIA.
1174 184 1235 271 Ἰ39

116 359 200 388 cera
215 375 230 394 ‚
255 353 381 395 aperta
397 372 410 391 ,
431 343 477 381 ab
512 339 689 380 omnibus
724 335 895 386 partibus
921 332 1022 382 septa
1054 342 1095 370 ac
1118 330 1244 368 muni-

119 427 184 472 ta,
221 415 358 458 suatse
390 412 624 461 fimplicitate
651 421 692 447 ac
726 406 887 446 candore
919 389 1042 443 facile*
1061 399 1239 439 omnibus

121 486 419 528 commendabat.
488 484 695 528 Postquam
749 470 847 516 v'ero’
880 474 1113 514 Graecorum
1131 497 1146 517 ,
1176 468 1246 518 Ju-

118 560 324 605 daeorum‚
372 553 652 603 Aegyptiorum
685 547 820 598 placita
858 544 966 584 fimul
1005 551 1042 580 et
1067 540 1164 579 sacra
1211 537 1248 576 ei

116 629 218 667 illata
249 637 286 665 et
319 638 404 665 cum
440 637 480 662 ea
519 620 640 661 veluti
679 616 937 667 conglutinata
963 612 1076 658 sunt‚
1115 607 1246 647 multis

113 698 286 737 sordibus
321 695 515 744 inquinata
547 701 619 731 est.
673 689 821 730 Deinde
844 682 1032 734 Episcopi
1057 677 1248 725 Romani,

106 769 194 808 aliis
229 766 478 817 postpofitis‚
502 761 695 813 paullatim
728 759 916 808 ingentem
948 759 1180 804 ,potestatem
1203 748 1250 787 fi-

112 840 157 879 bi
189 839 401 885 asseruere,
423 848 466 876 ac
492 844 648 882 regnum
680 829 867 878 quoddam
901 824 1091 863 sacrorum
1111 817 1250 859 consti·

114 919 248 958 tuere3
287 908 387 947 unde
421 904 552 944 Latini
589 902 686 941 ritus
714 908 751 938 et
789 899 829 936 in
855 895 966 934 sacr-is
1000 892 1118 932 sermo
1137 889 1251 940 pede-

116 981 251 1019 tentim
289 977 528 1018 Christianae
559 970 737 1021 religioni
771 965 1012 1015 irrepserunt.
1066 961 1140 1008 Hi,
1179 957 1250 998 ubi
1286 998 1290 1002 ,

114 1050 339 1090 auctoritate
366 1047 485 1095 magis
520 1044 716 1093 magisque
754 1042 1021 1081 excreverant,
1062 1030 1154 1070 sacri
1183 1028 1253 1067 im·

114 1120 210 1171 perii
229 1120 350 1158 sedem
373 1118 520 1156 Romae
541 1120 752 1164 posuerunt
767 1139 782 1158 ‚
810 1108 931 1146 libros
949 1114 1067 1153 paene
1089 1109 1224 1140 omnes
1239 1125 1254 1147 ‚

118 1202 167 1230 ne
201 1191 301 1230 sacra
335 1189 516 1236 scriptura
539 1184 689 1232 quidem
717 1187 898 1227 excepta,
927 1173 1082 1225 populis
1108 1178 1257 1210 exeme-

118 1271 209 1301 runt
223 1290 237 1309 .,
254 1260 456 1306 omniaque
471 1283 484 1303 ,
499 1265 594 1304 quae
606 1254 652 1292 ad
671 1251 853 1290 sacrarum
869 1247 1060 1285 literarum
1074 1243 1258 1289 interpre-

120 1332 301 1372 tationem
325 1328 561 1378 spectarent,
590 1319 845 1362 sacerdotibus
877 1325 913 1355 et
936 1311 1131 1353 monachis
1149 1320 1258 1350 com-

122 1403 358 1442 mendarunt.
398 1398 503 1436 Haec
527 1394 605 1434 fuit
618 1393 681 1432 illa
705 1387 942 1434 hierarchia,
971 1395 1066 1433 quae
1080 1392 1147 1432 per
1170 1380 1259 1429 plu-

122 1486 164 1515 ra
179 1474 320 1513 saecula
348 1471 492 1509 Romae
519 1463 658 1504 exstitit
707 1460 983 1505 maximamque
1012 1453 1090 1493 vim
1119 1451 1161 1489 in
1183 1459 1266 1488 om-

123 1556 191 1584 nes
222 1554 309 1590 teti,
349 1549 425 1579 tam
463 1538 609 1583 sacras,
637 1544 749 1582 quam
781 1528 956 1579 politicas
979 1521 1164 1562 exercuit.

173 1615 244 1654 Per
275 1610 389 1651 medii
423 1608 505 1647 aevi
536 1614 734 1653 tempora,
775 1609 893 1647 quum
930 1594 1035 1634 orbis
1071 1597 1253 1630 terrarum

123 1683 314 1725 immunda
347 1678 517 1719 barbarie
549 1674 640 1714 esset
668 1672 840 1711 involuta
857 1696 871 1716 ,
909 1676 1027 1714 quum
1055 1661 1254 1701 hominum

122 1755 238 1795 animi
261 1750 459 1792 miserrima
472 1744 731 1796 superstitione
757 1753 798 1779 ac
825 1731 937 1777 caeco
964 1731 1149 1781 obsequio
1170 1739 1256 1779 prc-

128 1833 345 1871 merentur‚
371 1820 438 1859 suo
461 1819 498 1858 se
521 1816 686 1866 pondere
715 1820 752 1851 et
786 1807 1008 1849 auctoritate
1041 1802 1151 1841 facile
1178 1809 1261 1838 tue·

126 1899 239 1938 batur
263 1897 398 1933 haecce
427 1887 648 1929 hierarchia.

181 1969 357 2013 Verum,
384 1962 453 2019 ubi
481 1961 643 1999 humana
680 1952 828 2004 ingenia
861 1945 1054 1999 paullatim
1089 1941 1260 1981 adoleve-

130 2048 221 2079 tunt
253 2046 366 2084 atque
417 2030 689 2081 elegantiorum
727 2025 918 2063 literarum
951 2014 1102 2060 studio,
1153 2020 1273 2058 expu-

133 2120 246 2160 gnato
277 2104 496 2155 Byzantio,
537 2101 584 2139 ad
608 2106 738 2138 verum
762 2088 1032 2132 humanitatem
1056 2078 1272 2121 conforma-

129 2180 161 2223 ti
195 2184 429 2227 coeperunt,
462 2183 564 2212 nova
595 2171 692 2217 lux,
730 2165 824 2206 mira
865 2157 1034 2200 claritate
1071 2150 1267 2202 splendens

134 2247 352 2289 hominibus
386 2243 538 2284 affulfit.
604 2240 694 2280 Huc
737 2232 966 2277 accedebat,
995 2224 1172 2265 effrenata
1195 2219 1271 2257 cle·-

62 2318 71 2326 '
129 2320 298 2361 cicorum
347 2312 554 2366 imperandi
582 2309 730 2358 libido,
799 2303 867 2354 qui
901 2294 1070 2341 terrestri
1113 2287 1274 2361 imperio

1204 2364 1276 2394 ml·
