1483 2860
407 240 926 281 LITERARI&
1178 253 1225 293 ῃ

107 347 360 398 mitigandam.
398 350 455 388 Ibi
476 349 646 389 Barlai
660 350 889 390 montius
915 350 1090 399 princeps
1119 349 1223 398 fuit,

103 418 172 465 qui
208 419 473 458 Gulielmo
513 420 709 460 obfisteret
750 422 909 472 ejusque
945 420 1097 460 consilia
1135 431 1224 461 cum

102 487 152 527 M
162 500 181 526 a
193 500 211 526 ι·
220 500 244 538 g
256 502 276 527 a
289 502 306 528 r
317 489 329 527 i
339 499 354 528 t
368 502 388 528 a
413 491 707 530 communicaret
720 493 805 541 (1).

149 559 293 598 Deinde
318 560 434 609 Regis
457 562 610 610 gratiam
636 561 706 600 fibi
739 560 940 600 conciliare
978 568 1136 599 conatus
1164 567 1224 599 est

101 627 330 671 Gulielm
345 641 429 678 us;
474 643 584 679 quem
619 632 659 670 in
695 631 807 670 finem
851 631 981 669 literas
1025 631 1059 669 ei
1098 630 1223 678 mifit,

99 699 240 747 quibus
278 700 314 738 se
350 701 606 740 fidelissimum
638 702 757 751 Regis
807 700 991 740 Vasallum
1030 699 1222 749 professus

95 778 169 808 est.
224 771 341 809 Hisce
364 772 483 810 literis
524 783 591 811 rex
629 772 826 822 respondit
842 799 856 819 ‚
894 770 931 809 se
967 768 1226 809 Gulielmi

96 839 210 878 fidem
231 833 467 889 nequaquam
489 842 700 890 suspectam
725 842 897 882 habuisse
911 870 924 890 ‚
953 852 1075 890 neque
1094 839 1193 878 falsis
1208 867 1224 888 ,

97 909 165 957 qui
191 910 259 949 fibi
285 911 384 950 allati
412 911 563 961 essent,
587 911 805 952 rumoribus
827 913 1019 962 {umquam
1045 909 1225 949 credidis-

98 979 135 1019 se
158 982 246 1031 (2).

140 1052 318 1100 Denique
342 1053 387 1091 M
401 1052 676 1102 argaritam
715 1051 830 1090 variis
853 1051 976 1090 modis
1000 1050 1069 1090 fibi
1100 1050 1217 1089 bene·

93 1122 215 1160 volam
240 1123 420 1169 reddidit,
448 1123 632 1170 fimulque
658 1123 819 1160 Senatus
850 1122 1111 1160 auctoritatem
1136 1130 1224 1158 mu·

92 1191 191 1230 nivit
214 1202 250 1231 et
278 1192 534 1241 amplificavit.
560 1192 901 1240 Margaritarn
926 1190 1038 1239 ipsam
1059 1191 1134 1240 jam
1160 1199 1226 1228 an-

97 1273 157 1301 tea
182 1264 373 1302 taeduerat
409 1262 657 1300 Perenoti
682 1261 785 1310 quasi
812 1262 951 1299 tutelae
977 1262 1062 1308 (3).
1092 1260 1226 1307 Itaque

98 1333 227 1372 amicis
243 1335 322 1383 ers
340 1333 378 1370 in
391 1332 568 1370 omnibus
590 1331 746 1380 obsequi
759 1330 919 1380 amplius
933 1329 1074 1377 noluit,
1087 1331 1195 1378 plura
1208 1357 1225 1379 ‚

93 1415 189 1452 quae
215 1412 322 1441 antea
348 1403 386 1440 in
411 1402 576 1440 concilio
603 1401 744 1440 secreto
768 1401 828 1450 agi
852 1399 1018 1439 solebant
1033 1429 1046 1447 ,
1069 1399 1225 1438 Senatui

93 1473 306 1522 commisit,
333 1485 492 1523 ejusque
523 1471 742 1511 sententiam
765 1471 805 1512 in
823 1470 997 1520 plurimis
1026 1469 1139 1510 rebus
1167 1470 1223 1510 se-

1152 1550 1221 1580 cu·

135 1706 189 1745 (1)
211 1707 281 1736 Vid.
303 1709 480 1737 schiller
495 1728 505 1744 ,
528 1709 588 1743 Op.
611 1709 641 1737 Μ
655 1707 712 1737 lib.
726 1707 765 1735 11.
790 1712 859 1742 pag.
885 1713 952 1735 212.
973 1702 1078 1738 ibique
1101 1698 1220 1730 laudati

97 1764 260 1799 strada,
290 1766 349 1799 82,
378 1768 426 1799 83.
442 1778 481 1786 —
503 1765 868 1800 Burgundus,1pag.
904 1768 955 1799 91.
986 1760 1056 1789 Vita
1081 1756 1217 1794 Viglii

96 1828 166 1858 pag.
186 1831 235 1856 70·

132 1878 188 1916 (2)
208 1878 279 1907 Vid.
307 1879 541 1914 Homerus,
563 1879 624 1914 Op.
641 1879 663 1908 1.
682 1885 750 1913 pag.
766 1879 816 1911 38.
838 1890 877 1899 ·-
897 1873 1122 1908 Hooft,0p·
1145 1869 1216 1908 p-I·

92 1944 157 1974 pag.
179 1940 229 1973 46.
246 1951 285 1958 —
306 1937 409 1966 Levm
430 1944 509 1966 caet.
531 1937 558 1965 1.
581 1944 651 1971 pag.
671 1938 740 1970 858.
769 1935 815 1970 sq.

124 1993 182 2031 (3)
203 1994 453 2029 Margaritae
474 2000 506 2022 et
540 1994 704 2022 Procerum
729 1990 846 2020 laetitia
869 1988 917 2018 his
940 1985 1044 2017 verbis
1069 1983 1216 2020 expresfit

89 2050 253 2089 Viglius
283 2053 315 2081 in
337 2051 400 2080 vita
418 2058 487 2087 pag·
514 2055 563 2085 38.
592 2050 752 2083 Remoto,
772 2047 834 2076 five
849 2046 1015 2074 recedente
1033 2041 1217 2075 Cardinale,

88 2119 151 2141 non
168 2117 282 2140 tantum
308 2108 375 2143 ejus
395 2107 536 2143 inimici,
557 2106 610 2142 qui
638 2106 796 2140 ingsenatu
815 2109 920 2138 erant,
941 2109 1005 2130 non
1021 2100 1110 2128 aliter
1126 2097 1215 2126 exul·

78 2172 213 2206 juvere,
233 2174 323 2203 quam
340 2165 428 2202 pueri
447 2165 579 2195 abeunte
598 2164 664 2193 ludi
680 2162 822 2198 magistro
835 2181 847 2198 ‚
870 2160 924 2189 sed
946 2159 1010 2195 ipsa
1029 2157 1121 2188 etiam
1146 2154 1215 2183 Du·

89 2223 165 2255 cissa
186 2224 365 2253 servitutem
390 2223 555 2252 excussisse
581 2221 636 2252 nbi
659 2220 724 2252 visa
739 2219 821 2256 fuit,
838 2226 912 2248 cum
935 2223 1023 2249 ante·
1046 2212 1124 2249 nihil
1145 2215 1214 2240 mi·

84 2280 148 2319 gis,
179 2280 232 2312 nist
249 2287 289 2313 ex
310 2280 377 2317 ejus
395 2278 522 2310 confilio
538 2278 695 2309 resolvere
713 2276 801 2308 solita
816 2275 896 2306 essct
