<?xml version="1.0" encoding="UTF-8"?>
<!DOCTYPE html PUBLIC "-//W3C//DTD XHTML 1.0 Transitional//EN"
    "http://www.w3.org/TR/xhtml1/DTD/xhtml1-transitional.dtd">
<html xmlns="http://www.w3.org/1999/xhtml" xml:lang="en" lang="en">
 <head>
  <title>
</title>
<meta http-equiv="Content-Type" content="text/html;charset=utf-8" />
  <meta name='ocr-system' content='tesseract 3.04.00' />
  <meta name='ocr-capabilities' content='ocr_page ocr_carea ocr_par ocr_line ocrx_word'/>
</head>
<body>
  <div class='ocr_page' id='page_1' title='image "annalesacademiae29acad_0584.png"; bbox 0 0 1483 2860; ppageno 0'>
   <div class='ocr_carea' id='block_1_1' title="bbox 253 248 1147 299">
    <p class='ocr_par' dir='ltr' id='par_1_1' title="bbox 253 248 1147 299">
     <span class='ocr_line' id='line_1_1' title="bbox 253 248 1147 299; baseline -0.002 -10"><span class='ocrx_word' id='word_1_1' title='bbox 253 259 323 299; x_wconf 71' lang='lat'><strong>170</strong></span> <span class='ocrx_word' id='word_1_2' title='bbox 481 248 1147 289; x_wconf 82' lang='lat' dir='ltr'><strong>COMMENTATIO</strong></span> 
     </span>
    </p>
   </div>
   <div class='ocr_carea' id='block_1_2' title="bbox 241 356 1357 1809">
    <p class='ocr_par' dir='ltr' id='par_1_2' title="bbox 241 356 1357 1458">
     <span class='ocr_line' id='line_1_2' title="bbox 247 356 1353 407; baseline 0.003 -11"><span class='ocrx_word' id='word_1_3' title='bbox 247 357 478 402; x_wconf 83' lang='lat' dir='ltr'><strong>Gandavenii</strong></span> <span class='ocrx_word' id='word_1_4' title='bbox 523 357 569 395; x_wconf 87' lang='lat' dir='ltr'><strong>ab</strong></span> <span class='ocrx_word' id='word_1_5' title='bbox 619 356 721 395; x_wconf 88' lang='lat' dir='ltr'><strong>omni</strong></span> <span class='ocrx_word' id='word_1_6' title='bbox 759 366 862 405; x_wconf 84' lang='lat' dir='ltr'><strong>parte</strong></span> <span class='ocrx_word' id='word_1_7' title='bbox 903 365 1068 396; x_wconf 86' lang='lat' dir='ltr'><strong>accurate</strong></span> <span class='ocrx_word' id='word_1_8' title='bbox 1112 357 1353 407; x_wconf 84' lang='lat' dir='ltr'><strong>exsequenda.</strong></span> 
     </span>
     <span class='ocr_line' id='line_1_3' title="bbox 242 428 1352 477; baseline 0 -9"><span class='ocrx_word' id='word_1_9' title='bbox 242 429 392 469; x_wconf 87' lang='lat' dir='ltr'>Foedus</span> <span class='ocrx_word' id='word_1_10' title='bbox 415 440 535 477; x_wconf 85' lang='lat' dir='ltr'>nuper</span> <span class='ocrx_word' id='word_1_11' title='bbox 557 428 602 466; x_wconf 89' lang='lat' dir='ltr'><strong>ab</strong></span> <span class='ocrx_word' id='word_1_12' title='bbox 642 430 932 468; x_wconf 83' lang='lat' dir='ltr'><strong>Austriaco</strong></span> <span class='ocrx_word' id='word_1_13' title='bbox 970 437 1007 467; x_wconf 91' lang='lat' dir='ltr'><strong>et</strong></span> <span class='ocrx_word' id='word_1_14' title='bbox 1042 428 1246 469; x_wconf 85' lang='lat' dir='ltr'><strong>Ordinibus</strong></span> <span class='ocrx_word' id='word_1_15' title='bbox 1275 431 1352 471; x_wconf 88' lang='lat' dir='ltr'><strong>Ge-</strong></span> 
     </span>
     <span class='ocr_line' id='line_1_4' title="bbox 244 499 1352 550; baseline 0.001 -12"><span class='ocrx_word' id='word_1_16' title='bbox 244 499 433 538; x_wconf 85' lang='lat' dir='ltr'><strong>neralibus</strong></span> <span class='ocrx_word' id='word_1_17' title='bbox 478 499 594 536; x_wconf 85' lang='lat' dir='ltr'><strong>ictum</strong></span> <span class='ocrx_word' id='word_1_18' title='bbox 644 509 728 535; x_wconf 89' lang='lat' dir='ltr'><strong>cum</strong></span> <span class='ocrx_word' id='word_1_19' title='bbox 766 499 832 536; x_wconf 88' lang='lat' dir='ltr'><strong>hac</strong></span> <span class='ocrx_word' id='word_1_20' title='bbox 869 511 958 547; x_wconf 87' lang='lat' dir='ltr'><strong>pace</strong></span> <span class='ocrx_word' id='word_1_21' title='bbox 1009 510 1086 537; x_wconf 91' lang='lat' dir='ltr'><strong>non</strong></span> <span class='ocrx_word' id='word_1_22' title='bbox 1123 510 1352 550; x_wconf 79' lang='lat' dir='ltr'><strong>congruere3</strong></span> 
     </span>
     <span class='ocr_line' id='line_1_5' title="bbox 244 567 1354 618; baseline 0.002 -11"><span class='ocrx_word' id='word_1_23' title='bbox 244 569 373 617; x_wconf 87' lang='lat' dir='ltr'><strong>copias</strong></span> <span class='ocrx_word' id='word_1_24' title='bbox 387 567 626 607; x_wconf 83' lang='lat' dir='ltr'><strong>Germanicas</strong></span> <span class='ocrx_word' id='word_1_25' title='bbox 654 569 820 607; x_wconf 89' lang='lat' dir='ltr'>nondum</span> <span class='ocrx_word' id='word_1_26' title='bbox 853 580 873 606; x_wconf 93' lang='lat' dir='ltr'><strong>e</strong></span> <span class='ocrx_word' id='word_1_27' title='bbox 910 570 1039 618; x_wconf 82' lang='lat' dir='ltr'>Belgio</span> <span class='ocrx_word' id='word_1_28' title='bbox 1081 569 1267 618; x_wconf 86' lang='lat' dir='ltr'><strong>profectas</strong></span> <span class='ocrx_word' id='word_1_29' title='bbox 1295 582 1354 609; x_wconf 83' lang='lat' dir='ltr'><strong>es·</strong></span> 
     </span>
     <span class='ocr_line' id='line_1_6' title="bbox 245 635 1354 686; baseline 0.005 -12"><span class='ocrx_word' id='word_1_30' title='bbox 245 635 307 686; x_wconf 81' lang='lat' dir='ltr'><strong>se3</strong></span> <span class='ocrx_word' id='word_1_31' title='bbox 336 637 610 677; x_wconf 89' lang='lat' dir='ltr'><strong>Gulielmo</strong></span> <span class='ocrx_word' id='word_1_32' title='bbox 642 637 740 677; x_wconf 83' lang='lat' dir='ltr'>bona</span> <span class='ocrx_word' id='word_1_33' title='bbox 760 639 823 676; x_wconf 85' lang='lat' dir='ltr'><strong>sua</strong></span> <span class='ocrx_word' id='word_1_34' title='bbox 853 647 890 677; x_wconf 92' lang='lat' dir='ltr'><strong>et</strong></span> <span class='ocrx_word' id='word_1_35' title='bbox 915 640 1076 679; x_wconf 84' lang='lat' dir='ltr'>honores</span> <span class='ocrx_word' id='word_1_36' title='bbox 1102 641 1270 679; x_wconf 88' lang='lat' dir='ltr'>nondum</span> <span class='ocrx_word' id='word_1_37' title='bbox 1296 652 1354 679; x_wconf 89' lang='lat' dir='ltr'><strong>re-</strong></span> 
     </span>
     <span class='ocr_line' id='line_1_7' title="bbox 243 706 1352 758; baseline 0.002 -12"><span class='ocrx_word' id='word_1_38' title='bbox 243 706 370 747; x_wconf 85' lang='lat' dir='ltr'><strong>stituta</strong></span> <span class='ocrx_word' id='word_1_39' title='bbox 407 708 482 747; x_wconf 88' lang='lat' dir='ltr'><strong>esse</strong></span> <span class='ocrx_word' id='word_1_40' title='bbox 513 708 628 757; x_wconf 88' lang='lat' dir='ltr'><strong>eique</strong></span> <span class='ocrx_word' id='word_1_41' title='bbox 653 708 830 747; x_wconf 88' lang='lat' dir='ltr'><strong>comitem</strong></span> <span class='ocrx_word' id='word_1_42' title='bbox 867 709 1177 758; x_wconf 86' lang='lat' dir='ltr'><strong>Burensem,</strong></span> <span class='ocrx_word' id='word_1_43' title='bbox 1204 710 1352 758; x_wconf 88' lang='lat' dir='ltr'><strong>filium,</strong></span> 
     </span>
     <span class='ocr_line' id='line_1_8' title="bbox 243 778 1349 828; baseline 0.004 -13"><span class='ocrx_word' id='word_1_44' title='bbox 243 779 411 816; x_wconf 86' lang='lat' dir='ltr'><strong>nondum</strong></span> <span class='ocrx_word' id='word_1_45' title='bbox 454 778 638 816; x_wconf 86' lang='lat' dir='ltr'><strong>redditum</strong></span> <span class='ocrx_word' id='word_1_46' title='bbox 690 778 790 817; x_wconf 88' lang='lat' dir='ltr'><strong>esse:</strong></span> <span class='ocrx_word' id='word_1_47' title='bbox 843 780 1061 828; x_wconf 87' lang='lat' dir='ltr'><strong>evangelicis</strong></span> <span class='ocrx_word' id='word_1_48' title='bbox 1117 780 1155 818; x_wconf 92' lang='lat' dir='ltr'><strong>in</strong></span> <span class='ocrx_word' id='word_1_49' title='bbox 1194 781 1349 828; x_wconf 85' lang='lat' dir='ltr'><strong>reliquis</strong></span> 
     </span>
     <span class='ocr_line' id='line_1_9' title="bbox 241 848 1352 897; baseline 0.001 -9"><span class='ocrx_word' id='word_1_50' title='bbox 241 848 362 897; x_wconf 84' lang='lat' dir='ltr'><strong>Belgii</strong></span> <span class='ocrx_word' id='word_1_51' title='bbox 387 848 591 897; x_wconf 88' lang='lat' dir='ltr'><strong>provinciis</strong></span> <span class='ocrx_word' id='word_1_52' title='bbox 623 856 661 886; x_wconf 90' lang='lat' dir='ltr'><strong>et</strong></span> <span class='ocrx_word' id='word_1_53' title='bbox 691 848 846 886; x_wconf 88' lang='lat' dir='ltr'>urbibus</span> <span class='ocrx_word' id='word_1_54' title='bbox 878 849 991 887; x_wconf 84' lang='lat' dir='ltr'><strong>vitam</strong></span> <span class='ocrx_word' id='word_1_55' title='bbox 1029 849 1159 897; x_wconf 77' lang='lat' dir='ltr'><strong>degere</strong></span> <span class='ocrx_word' id='word_1_56' title='bbox 1184 851 1352 889; x_wconf 86' lang='lat' dir='ltr'>nondum</span> 
     </span>
     <span class='ocr_line' id='line_1_10' title="bbox 243 917 1353 968; baseline 0.004 -13"><span class='ocrx_word' id='word_1_57' title='bbox 243 917 461 968; x_wconf 85' lang='lat' dir='ltr'><strong>permissum</strong></span> <span class='ocrx_word' id='word_1_58' title='bbox 497 917 589 956; x_wconf 85' lang='lat' dir='ltr'><strong>esse.</strong></span> <span class='ocrx_word' id='word_1_59' title='bbox 642 918 830 956; x_wconf 83' lang='lat' dir='ltr'><strong>Praeterea</strong></span> <span class='ocrx_word' id='word_1_60' title='bbox 867 917 903 956; x_wconf 90' lang='lat' dir='ltr'><strong>se</strong></span> <span class='ocrx_word' id='word_1_61' title='bbox 940 918 1072 957; x_wconf 85' lang='lat' dir='ltr'><strong>foedus</strong></span> <span class='ocrx_word' id='word_1_62' title='bbox 1110 920 1353 968; x_wconf 87' lang='lat' dir='ltr'><strong>comprobare</strong></span> 
     </span>
     <span class='ocr_line' id='line_1_11' title="bbox 244 988 1356 1038; baseline 0.001 -11"><span class='ocrx_word' id='word_1_63' title='bbox 244 999 323 1028; x_wconf 85' lang='lat' dir='ltr'><strong>non</strong></span> <span class='ocrx_word' id='word_1_64' title='bbox 351 988 483 1038; x_wconf 78' lang='lat' dir='ltr'><strong>posse,</strong></span> <span class='ocrx_word' id='word_1_65' title='bbox 512 988 685 1036; x_wconf 87' lang='lat' dir='ltr'><strong>qnoniam</strong></span> <span class='ocrx_word' id='word_1_66' title='bbox 709 988 978 1026; x_wconf 86' lang='lat' dir='ltr'><strong>Austriaci</strong></span> <span class='ocrx_word' id='word_1_67' title='bbox 1003 988 1154 1027; x_wconf 87' lang='lat' dir='ltr'><strong>arbitrio</strong></span> <span class='ocrx_word' id='word_1_68' title='bbox 1180 989 1356 1028; x_wconf 87' lang='lat' dir='ltr'><strong>commis-</strong></span> 
     </span>
     <span class='ocr_line' id='line_1_12' title="bbox 242 1058 1353 1108; baseline 0.001 -10"><span class='ocrx_word' id='word_1_69' title='bbox 242 1058 323 1098; x_wconf 88' lang='lat' dir='ltr'><strong>sum</strong></span> <span class='ocrx_word' id='word_1_70' title='bbox 357 1067 458 1106; x_wconf 85' lang='lat' dir='ltr'><strong>erat,</strong></span> <span class='ocrx_word' id='word_1_71' title='bbox 486 1068 612 1097; x_wconf 88' lang='lat' dir='ltr'><strong>utrum</strong></span> <span class='ocrx_word' id='word_1_72' title='bbox 645 1058 805 1096; x_wconf 85' lang='lat' dir='ltr'><strong>Ordines</strong></span> <span class='ocrx_word' id='word_1_73' title='bbox 839 1067 908 1096; x_wconf 84' lang='lat' dir='ltr'><strong>tam</strong></span> <span class='ocrx_word' id='word_1_74' title='bbox 938 1058 1185 1106; x_wconf 86' lang='lat' dir='ltr'><strong>provinciales</strong></span> <span class='ocrx_word' id='word_1_75' title='bbox 1203 1088 1216 1107; x_wconf 87' lang='lat'><strong>‚</strong></span> <span class='ocrx_word' id='word_1_76' title='bbox 1242 1071 1353 1108; x_wconf 85' lang='lat' dir='ltr'>quam</span> 
     </span>
     <span class='ocr_line' id='line_1_13' title="bbox 243 1128 1356 1177; baseline 0 -9"><span class='ocrx_word' id='word_1_77' title='bbox 243 1128 449 1168; x_wconf 86' lang='lat' dir='ltr'><strong>Generales</strong></span> <span class='ocrx_word' id='word_1_78' title='bbox 487 1139 694 1167; x_wconf 85' lang='lat' dir='ltr'><strong>convocare</strong></span> <span class='ocrx_word' id='word_1_79' title='bbox 740 1129 871 1176; x_wconf 88' lang='lat' dir='ltr'><strong>vellet,</strong></span> <span class='ocrx_word' id='word_1_80' title='bbox 913 1139 981 1166; x_wconf 89' lang='lat' dir='ltr'><strong>nec</strong></span> <span class='ocrx_word' id='word_1_81' title='bbox 1008 1139 1080 1177; x_wconf 81' lang='lat' dir='ltr'><strong>ne3</strong></span> <span class='ocrx_word' id='word_1_82' title='bbox 1131 1130 1234 1176; x_wconf 93' lang='lat' dir='ltr'>quod</span> <span class='ocrx_word' id='word_1_83' title='bbox 1272 1130 1356 1168; x_wconf 90' lang='lat' dir='ltr'><strong>Bel-</strong></span> 
     </span>
     <span class='ocr_line' id='line_1_14' title="bbox 243 1198 1352 1250; baseline -0.002 -11"><span class='ocrx_word' id='word_1_84' title='bbox 243 1211 372 1250; x_wconf 89' lang='lat' dir='ltr'>garum</span> <span class='ocrx_word' id='word_1_85' title='bbox 394 1199 471 1250; x_wconf 85' lang='lat' dir='ltr'><strong>J&#39;uri</strong></span> <span class='ocrx_word' id='word_1_86' title='bbox 497 1209 533 1237; x_wconf 89' lang='lat' dir='ltr'><strong>et</strong></span> <span class='ocrx_word' id='word_1_87' title='bbox 569 1198 775 1247; x_wconf 85' lang='lat' dir='ltr'><strong>privilegiis</strong></span> <span class='ocrx_word' id='word_1_88' title='bbox 813 1198 964 1236; x_wconf 88' lang='lat' dir='ltr'><strong>omnino</strong></span> <span class='ocrx_word' id='word_1_89' title='bbox 997 1201 1221 1236; x_wconf 85' lang='lat' dir='ltr'><strong>contrarium</strong></span> <span class='ocrx_word' id='word_1_90' title='bbox 1261 1207 1352 1238; x_wconf 89' lang='lat' dir='ltr'><strong>erat.</strong></span> 
     </span>
     <span class='ocr_line' id='line_1_15' title="bbox 243 1269 1357 1318; baseline -0.004 -8"><span class='ocrx_word' id='word_1_91' title='bbox 243 1271 346 1310; x_wconf 88' lang='lat' dir='ltr'><strong>Haec</strong></span> <span class='ocrx_word' id='word_1_92' title='bbox 360 1270 505 1318; x_wconf 88' lang='lat' dir='ltr'><strong>aliaque</strong></span> <span class='ocrx_word' id='word_1_93' title='bbox 530 1269 657 1307; x_wconf 85' lang='lat' dir='ltr'><strong>fimilia</strong></span> <span class='ocrx_word' id='word_1_94' title='bbox 674 1297 687 1315; x_wconf 87' lang='lat'><strong>‚</strong></span> <span class='ocrx_word' id='word_1_95' title='bbox 716 1280 809 1317; x_wconf 88' lang='lat' dir='ltr'><strong>quae</strong></span> <span class='ocrx_word' id='word_1_96' title='bbox 833 1269 1062 1316; x_wconf 81' lang='lat' dir='ltr'><strong>arguebant,</strong></span> <span class='ocrx_word' id='word_1_97' title='bbox 1077 1278 1148 1306; x_wconf 87' lang='lat' dir='ltr'><strong>tam</strong></span> <span class='ocrx_word' id='word_1_98' title='bbox 1172 1280 1256 1307; x_wconf 88' lang='lat' dir='ltr'><strong>vera</strong></span> <span class='ocrx_word' id='word_1_99' title='bbox 1276 1278 1357 1306; x_wconf 90' lang='lat' dir='ltr'><strong>tan-</strong></span> 
     </span>
     <span class='ocr_line' id='line_1_16' title="bbox 244 1337 1354 1389; baseline -0.002 -11"><span class='ocrx_word' id='word_1_100' title='bbox 244 1339 353 1389; x_wconf 88' lang='lat' dir='ltr'><strong>tique</strong></span> <span class='ocrx_word' id='word_1_101' title='bbox 375 1339 550 1388; x_wconf 87' lang='lat' dir='ltr'><strong>ponderis</strong></span> <span class='ocrx_word' id='word_1_102' title='bbox 586 1347 716 1385; x_wconf 84' lang='lat' dir='ltr'><strong>erant,</strong></span> <span class='ocrx_word' id='word_1_103' title='bbox 745 1347 786 1376; x_wconf 92' lang='lat' dir='ltr'><strong>ut</strong></span> <span class='ocrx_word' id='word_1_104' title='bbox 826 1338 923 1376; x_wconf 90' lang='lat' dir='ltr'>haud</span> <span class='ocrx_word' id='word_1_105' title='bbox 951 1337 1059 1376; x_wconf 88' lang='lat' dir='ltr'><strong>facile</strong></span> <span class='ocrx_word' id='word_1_106' title='bbox 1088 1337 1240 1377; x_wconf 87' lang='lat' dir='ltr'><strong>refutari</strong></span> <span class='ocrx_word' id='word_1_107' title='bbox 1265 1348 1354 1387; x_wconf 89' lang='lat' dir='ltr'><strong>pos-</strong></span> 
     </span>
     <span class='ocr_line' id='line_1_17' title="bbox 246 1409 428 1458; baseline -0.005 -10"><span class='ocrx_word' id='word_1_108' title='bbox 246 1409 324 1448; x_wconf 87' lang='lat' dir='ltr'><strong>sent</strong></span> <span class='ocrx_word' id='word_1_109' title='bbox 344 1409 428 1458; x_wconf 87' lang='lat'>(1).</span> 
     </span>
    </p>

    <p class='ocr_par' dir='ltr' id='par_1_3' title="bbox 243 1475 1357 1809">
     <span class='ocr_line' id='line_1_18' title="bbox 297 1475 1353 1526; baseline -0.001 -10"><span class='ocrx_word' id='word_1_110' title='bbox 297 1479 379 1516; x_wconf 87' lang='lat' dir='ltr'><strong>Hac</strong></span> <span class='ocrx_word' id='word_1_111' title='bbox 403 1477 517 1526; x_wconf 87' lang='lat' dir='ltr'><strong>igitur</strong></span> <span class='ocrx_word' id='word_1_112' title='bbox 549 1477 587 1514; x_wconf 91' lang='lat' dir='ltr'><strong>in</strong></span> <span class='ocrx_word' id='word_1_113' title='bbox 625 1488 664 1514; x_wconf 89' lang='lat' dir='ltr'><strong>re</strong></span> <span class='ocrx_word' id='word_1_114' title='bbox 699 1476 942 1515; x_wconf 88' lang='lat' dir='ltr'><strong>Gulielmi</strong></span> <span class='ocrx_word' id='word_1_115' title='bbox 981 1476 1176 1525; x_wconf 86' lang='lat' dir='ltr'><strong>prudentia</strong></span> <span class='ocrx_word' id='word_1_116' title='bbox 1215 1475 1353 1515; x_wconf 87' lang='lat' dir='ltr'><strong>summe</strong></span> 
     </span>
     <span class='ocr_line' id='line_1_19' title="bbox 245 1546 1350 1600; baseline -0.004 -11"><span class='ocrx_word' id='word_1_117' title='bbox 245 1560 400 1600; x_wconf 87' lang='lat' dir='ltr'><strong>quoque</strong></span> <span class='ocrx_word' id='word_1_118' title='bbox 431 1547 640 1586; x_wconf 84' lang='lat' dir='ltr'><strong>admiranda</strong></span> <span class='ocrx_word' id='word_1_119' title='bbox 673 1546 846 1594; x_wconf 84' lang='lat' dir='ltr'><strong>videtur,</strong></span> <span class='ocrx_word' id='word_1_120' title='bbox 896 1547 1036 1595; x_wconf 88' lang='lat' dir='ltr'><strong>quippe</strong></span> <span class='ocrx_word' id='word_1_121' title='bbox 1074 1546 1139 1594; x_wconf 89' lang='lat' dir='ltr'><strong>qui</strong></span> <span class='ocrx_word' id='word_1_122' title='bbox 1182 1548 1350 1585; x_wconf 85' lang='lat' dir='ltr'><strong>occultas</strong></span> 
     </span>
     <span class='ocr_line' id='line_1_20' title="bbox 246 1615 1353 1665; baseline -0.004 -7"><span class='ocrx_word' id='word_1_123' title='bbox 246 1618 513 1658; x_wconf 87' lang='lat' dir='ltr'><strong>Austriaci</strong></span> <span class='ocrx_word' id='word_1_124' title='bbox 551 1617 710 1655; x_wconf 84' lang='lat' dir='ltr'><strong>rationes</strong></span> <span class='ocrx_word' id='word_1_125' title='bbox 743 1616 811 1654; x_wconf 87' lang='lat' dir='ltr'><strong>fibi</strong></span> <span class='ocrx_word' id='word_1_126' title='bbox 846 1615 1053 1665; x_wconf 86' lang='lat' dir='ltr'><strong>perspectas</strong></span> <span class='ocrx_word' id='word_1_127' title='bbox 1103 1616 1271 1664; x_wconf 83' lang='lat' dir='ltr'><strong>habens,</strong></span> <span class='ocrx_word' id='word_1_128' title='bbox 1320 1616 1353 1654; x_wconf 88' lang='lat' dir='ltr'><strong>ei</strong></span> 
     </span>
     <span class='ocr_line' id='line_1_21' title="bbox 243 1685 1357 1734; baseline -0.005 -5"><span class='ocrx_word' id='word_1_129' title='bbox 243 1698 318 1729; x_wconf 89' lang='lat' dir='ltr'><strong>tam</strong></span> <span class='ocrx_word' id='word_1_130' title='bbox 344 1688 487 1728; x_wconf 84' lang='lat' dir='ltr'><strong>strenue</strong></span> <span class='ocrx_word' id='word_1_131' title='bbox 517 1686 727 1726; x_wconf 85' lang='lat' dir='ltr'><strong>adversatus</strong></span> <span class='ocrx_word' id='word_1_132' title='bbox 762 1686 807 1725; x_wconf 89' lang='lat' dir='ltr'><strong>fit</strong></span> <span class='ocrx_word' id='word_1_133' title='bbox 827 1695 938 1734; x_wconf 88' lang='lat' dir='ltr'><strong>atque</strong></span> <span class='ocrx_word' id='word_1_134' title='bbox 959 1688 1012 1726; x_wconf 84' lang='lat' dir='ltr'><strong>ita</strong></span> <span class='ocrx_word' id='word_1_135' title='bbox 1033 1698 1053 1724; x_wconf 88' lang='lat' dir='ltr'>a</span> <span class='ocrx_word' id='word_1_136' title='bbox 1074 1685 1283 1724; x_wconf 87' lang='lat' dir='ltr'><strong>cervicibus</strong></span> <span class='ocrx_word' id='word_1_137' title='bbox 1303 1685 1357 1725; x_wconf 89' lang='lat' dir='ltr'><strong>ci-</strong></span> 
     </span>
     <span class='ocr_line' id='line_1_22' title="bbox 245 1756 900 1809; baseline -0.009 -8"><span class='ocrx_word' id='word_1_138' title='bbox 245 1759 372 1801; x_wconf 85' lang='lat' dir='ltr'><strong>vitatis</strong></span> <span class='ocrx_word' id='word_1_139' title='bbox 397 1760 528 1809; x_wconf 84' lang='lat' dir='ltr'>jugum</span> <span class='ocrx_word' id='word_1_140' title='bbox 556 1756 684 1796; x_wconf 87' lang='lat' dir='ltr'><strong>servile</strong></span> <span class='ocrx_word' id='word_1_141' title='bbox 710 1756 900 1805; x_wconf 88' lang='lat' dir='ltr'><strong>dejecerit.</strong></span> 
     </span>
    </p>
   </div>
   <div class='ocr_carea' id='block_1_3' title="bbox 737 1881 866 1928">
    <p class='ocr_par' dir='ltr' id='par_1_4' title="bbox 737 1881 866 1928">
     <span class='ocr_line' id='line_1_23' title="bbox 737 1881 866 1928; baseline 0 -10"><span class='ocrx_word' id='word_1_142' title='bbox 737 1881 774 1928; x_wconf 86' lang='lat'><strong>§.</strong></span> <span class='ocrx_word' id='word_1_143' title='bbox 830 1891 866 1918; x_wconf 85' lang='lat'><strong>2.</strong></span> 
     </span>
    </p>
   </div>
   <div class='ocr_carea' id='block_1_4' title="bbox 247 1981 1359 2235">
    <p class='ocr_par' dir='ltr' id='par_1_5' title="bbox 247 1981 1359 2179">
     <span class='ocr_line' id='line_1_24' title="bbox 297 1981 1354 2044; baseline -0.009 -11"><span class='ocrx_word' id='word_1_144' title='bbox 297 1994 485 2044; x_wconf 83' lang='lat' dir='ltr'><strong>Aggeres,</strong></span> <span class='ocrx_word' id='word_1_145' title='bbox 526 1992 662 2042; x_wconf 88' lang='lat' dir='ltr'><strong>quibus</strong></span> <span class='ocrx_word' id='word_1_146' title='bbox 699 1989 899 2030; x_wconf 87' lang='lat' dir='ltr'><strong>Hollandia</strong></span> <span class='ocrx_word' id='word_1_147' title='bbox 934 1999 969 2026; x_wconf 84' lang='lat' dir='ltr'><strong>et</strong></span> <span class='ocrx_word' id='word_1_148' title='bbox 1000 1981 1193 2026; x_wconf 81' lang='lat' dir='ltr'><strong>Zeelandia</strong></span> <span class='ocrx_word' id='word_1_149' title='bbox 1225 1994 1354 2025; x_wconf 82' lang='lat' dir='ltr'><strong>contra</strong></span> 
     </span>
     <span class='ocr_line' id='line_1_25' title="bbox 247 2057 1359 2112; baseline -0.009 -8"><span class='ocrx_word' id='word_1_150' title='bbox 247 2064 358 2104; x_wconf 85' lang='lat' dir='ltr'><strong>maris</strong></span> <span class='ocrx_word' id='word_1_151' title='bbox 389 2063 548 2112; x_wconf 87' lang='lat' dir='ltr'><strong>impetus</strong></span> <span class='ocrx_word' id='word_1_152' title='bbox 573 2061 736 2100; x_wconf 83' lang='lat' dir='ltr'><strong>munitae</strong></span> <span class='ocrx_word' id='word_1_153' title='bbox 763 2068 892 2106; x_wconf 83' lang='lat' dir='ltr'><strong>erant,</strong></span> <span class='ocrx_word' id='word_1_154' title='bbox 919 2058 1047 2109; x_wconf 88' lang='lat' dir='ltr'><strong>partim</strong></span> <span class='ocrx_word' id='word_1_155' title='bbox 1080 2058 1117 2095; x_wconf 90' lang='lat' dir='ltr'><strong>in</strong></span> <span class='ocrx_word' id='word_1_156' title='bbox 1140 2057 1280 2095; x_wconf 83' lang='lat' dir='ltr'>summo</span> <span class='ocrx_word' id='word_1_157' title='bbox 1303 2067 1359 2095; x_wconf 87' lang='lat' dir='ltr'><strong>re·</strong></span> 
     </span>
     <span class='ocr_line' id='line_1_26' title="bbox 247 2128 1354 2179; baseline -0.008 -5"><span class='ocrx_word' id='word_1_158' title='bbox 247 2146 329 2174; x_wconf 83' lang='lat' dir='ltr'><strong>rum</strong></span> <span class='ocrx_word' id='word_1_159' title='bbox 362 2132 573 2172; x_wconf 83' lang='lat' dir='ltr'><strong>discrimine</strong></span> <span class='ocrx_word' id='word_1_160' title='bbox 603 2140 707 2170; x_wconf 86' lang='lat' dir='ltr'><strong>antea</strong></span> <span class='ocrx_word' id='word_1_161' title='bbox 744 2129 927 2179; x_wconf 81' lang='lat' dir='ltr'><strong>perfossi,</strong></span> <span class='ocrx_word' id='word_1_162' title='bbox 971 2128 1100 2179; x_wconf 84' lang='lat' dir='ltr'><strong>partim</strong></span> <span class='ocrx_word' id='word_1_163' title='bbox 1137 2134 1354 2176; x_wconf 86' lang='lat' dir='ltr'><strong>tempestate</strong></span> 
     </span>
    </p>

    <p class='ocr_par' dir='ltr' id='par_1_6' title="bbox 1318 2205 1356 2235">
     <span class='ocr_line' id='line_1_27' title="bbox 1318 2205 1356 2235; baseline 0 0"><span class='ocrx_word' id='word_1_164' title='bbox 1318 2205 1356 2235; x_wconf 82' lang='lat' dir='ltr'><strong>et</strong></span> 
     </span>
    </p>
   </div>
   <div class='ocr_carea' id='block_1_5' title="bbox 254 2253 1354 2373">
    <p class='ocr_par' dir='ltr' id='par_1_7' title="bbox 254 2253 1354 2373">
     <span class='ocr_line' id='line_1_28' title="bbox 289 2253 1354 2319; baseline -0.008 -8"><span class='ocrx_word' id='word_1_165' title='bbox 289 2281 341 2319; x_wconf 77' lang='grc' dir='ltr'><strong>(ι)</strong></span> <span class='ocrx_word' id='word_1_166' title='bbox 362 2280 431 2310; x_wconf 85' lang='lat' dir='ltr'><strong>Vid.</strong></span> <span class='ocrx_word' id='word_1_167' title='bbox 453 2281 547 2311; x_wconf 76' lang='lat' dir='ltr'><strong>Bor,</strong></span> <span class='ocrx_word' id='word_1_168' title='bbox 568 2279 629 2313; x_wconf 72' lang='grc' dir='ltr'><strong>ορ.</strong></span> <span class='ocrx_word' id='word_1_169' title='bbox 656 2277 678 2304; x_wconf 78' lang='grc' dir='ltr'><strong>ι.</strong></span> <span class='ocrx_word' id='word_1_170' title='bbox 706 2274 792 2304; x_wconf 82' lang='lat' dir='ltr'><strong>Libr.</strong></span> <span class='ocrx_word' id='word_1_171' title='bbox 812 2276 849 2304; x_wconf 87' lang='lat' dir='ltr'><strong>x.</strong></span> <span class='ocrx_word' id='word_1_172' title='bbox 875 2275 932 2304; x_wconf 78' lang='lat' dir='ltr'><strong>foi.</strong></span> <span class='ocrx_word' id='word_1_173' title='bbox 955 2253 1026 2311; x_wconf 51' lang='lat'><strong>34⁶.</strong></span> <span class='ocrx_word' id='word_1_174' title='bbox 1057 2276 1100 2310; x_wconf 83' lang='lat' dir='ltr'><strong>sq.</strong></span> <span class='ocrx_word' id='word_1_175' title='bbox 1131 2288 1175 2296; x_wconf 83' lang='lat'>—</span> <span class='ocrx_word' id='word_1_176' title='bbox 1206 2272 1354 2308; x_wconf 73' lang='lat' dir='ltr'><strong>Hoost.</strong></span> 
     </span>
     <span class='ocr_line' id='line_1_29' title="bbox 254 2328 1230 2373; baseline -0.008 -7"><span class='ocrx_word' id='word_1_177' title='bbox 254 2337 313 2373; x_wconf 80' lang='lat' dir='ltr'><strong>Op.</strong></span> <span class='ocrx_word' id='word_1_178' title='bbox 333 2336 354 2365; x_wconf 83' lang='lat'><strong>1.</strong></span> <span class='ocrx_word' id='word_1_179' title='bbox 376 2335 399 2363; x_wconf 94' lang='lat'><strong>1.</strong></span> <span class='ocrx_word' id='word_1_180' title='bbox 418 2340 483 2369; x_wconf 76' lang='lat' dir='ltr'><strong>pag.</strong></span> <span class='ocrx_word' id='word_1_181' title='bbox 505 2339 572 2366; x_wconf 79' lang='lat'><strong>510.</strong></span> <span class='ocrx_word' id='word_1_182' title='bbox 594 2331 638 2367; x_wconf 86' lang='lat' dir='ltr'><strong>sq.</strong></span> <span class='ocrx_word' id='word_1_183' title='bbox 661 2344 699 2353; x_wconf 90' lang='lat'><em>-</em></span> <span class='ocrx_word' id='word_1_184' title='bbox 720 2329 823 2361; x_wconf 65' lang='lat' dir='ltr'><strong>Lena</strong></span> <span class='ocrx_word' id='word_1_185' title='bbox 844 2337 903 2359; x_wconf 80' lang='lat' dir='ltr'><strong>cet.</strong></span> <span class='ocrx_word' id='word_1_186' title='bbox 926 2329 983 2359; x_wconf 83' lang='grc' dir='ltr'><strong>ΙΙΙ.</strong></span> <span class='ocrx_word' id='word_1_187' title='bbox 1005 2337 1072 2365; x_wconf 79' lang='lat' dir='ltr'><strong>pag.</strong></span> <span class='ocrx_word' id='word_1_188' title='bbox 1094 2338 1141 2367; x_wconf 77' lang='lat'><strong>34.</strong></span> <span class='ocrx_word' id='word_1_189' title='bbox 1163 2328 1230 2365; x_wconf 74' lang='lat' dir='ltr'><strong>sqq·</strong></span> 
     </span>
    </p>
   </div>
  </div>
 </body>
</html>
