1560 2860
470 245 861 297 ORATIO.
1161 250 1224 303 49

103 382 168 428 dis
216 394 376 431 avertat
423 385 697 434 infortunium
749 396 874 449 atque
934 400 1218 450 averruncet,

99 461 317 508 unanimes
356 478 580 523 precamur
617 470 787 513 omncs!

155 614 242 660 Sed
283 616 530 663 insalutatos
569 619 693 664 etiam
732 620 943 668 dimittere
981 619 1085 668 mihi
1131 636 1218 671 non

95 690 192 739 licet
221 709 364 738 manes
401 696 624 742 Mariae
655 697 964 745 Francisci
1008 702 1218 749 Xaviea

97 769 175 814 rii
201 770 496 832 d'Angely‚
529 774 749 829 Lectoris,
792 777 891 821 dum
922 777 1109 834 vivebat,
1140 796 1220 825 (ex-2

95 846 399 906 perientissimi.
482 851 562 896 Hic
602 866 704 897 sane
721 885 732 906 ,
777 854 813 898 si
849 855 944 911 quis
982 856 1111 911 alius,
1142 857 1219 902 Vir

96 923 222 970 variis
250 927 375 970 sortis
413 925 763 975 vicissitudinibus
794 933 977 990 agitatus
1011 941 1086 979 est.
1149 935 1216 979 Ex

97 1000 229 1046 nobili
249 1002 357 1046 enim
387 1002 702 1062 Francogalliae
735 1015 856 1065 gente
895 1017 1038 1064 ortus,
1075 1013 1218 1071 plures

96 1077 242 1133 mundi
283 1086 424 1136 partes
455 1081 691 1139 multosque
728 1090 865 1129 terrae
905 1088 1088 1145 populos
1134 1089 1218 1134 sihi
1288 1123 1292 1127 -

95 1152 291 1201 visendos
319 1170 408 1199 esse
435 1157 610 1215 putavit.
672 1160 764 1204 Ubi
793 1175 888 1205 cum
926 1163 1040 1207 haud
1066 1165 1217 1224 paucis

94 1230 287 1285 fortunae
316 1233 483 1279 casibus
500 1265 513 1286 ‚
552 1237 666 1281 terra
696 1238 913 1295 marique,
946 1240 1062 1284 domi
1100 1242 1217 1286 mili-
1242 1274 1243 1277 η

95 1307 288 1365 tiaeque,
331 1309 509 1367 jactatus
547 1320 681 1367 esset,
733 1315 902 1360 tandem
954 1317 997 1361 in
1040 1318 1217 1376 hujusce

95 1383 382 1441 doctrinarum
421 1388 606 1434 Sacrarii
645 1392 913 1449 tranquillum
939 1394 1065 1438 veluti
1106 1409 1216 1454 por-s

93 1468 180 1509 tum
220 1478 310 1508 sese
334 1466 506 1525 recepit.
568 1467 649 1513 Hic
677 1469 828 1527 igitur,
861 1479 1055 1516 accurate
1087 1481 1215 1530 atque

95 1537 304 1597 eleganter
328 1541 488 1599 patrias
511 1558 608 1587 suas
639 1545 802 1590 Literas
826 1547 1044 1602 docendo,
1076 1557 1116 1593 et
1145 1550 1214 1594 fa-

93 1630 188 1661 mae
213 1615 304 1675 ipse
342 1633 441 1662 suae
473 1620 679 1664 consuluit
718 1629 758 1666 et
793 1622 1093 1682 discipulorum
1120 1633 1215 1670 stu-

94 1692 188 1738 diis.
251 1694 300 1737 In
326 1710 410 1751 quo
429 1703 567 1740 tamen
592 1712 726 1756 penso
755 1702 1073 1759 persequendo,
1105 1715 1215 1762 pos-

93 1769 236 1814 tremis
269 1770 382 1816 hisce
414 1773 561 1828 annis,
601 1775 779 1820 fortasse
814 1777 999 1832 felicius,
1034 1780 1213 1826 alacrius

96 1853 238 1900 certe,
268 1848 426 1893 versari
461 1850 695 1908 potuisset,
727 1852 808 1896 nisi
843 1861 883 1897 et
922 1868 1001 1913 per
1027 1870 1099 1903 res,
1128 1855 1213 1899 do-

94 1923 311 1979 mesticas,
358 1940 445 1970 non
486 1943 654 1988 semper
693 1930 812 1974 valde
850 1931 1006 1986 laetaS,
1061 1939 1101 1976 et
1133 1944 1213 1991 per

62 2027 69 2035 ·
96 2000 313 2046 adversam
338 2001 531 2062 inprimis
549 2006 846 2061 valetudinem,
876 2008 1042 2068 saepius
1069 2023 1114 2054 se
1132 2009 1214 2054 de-

95 2090 284 2136 pressum
312 2080 520 2128 sensisset.

154 2227 281 2287 Cum,
310 2239 489 2294 utroque
525 2232 608 2280 hoc
641 2233 788 2281 moniti
825 2234 1014 2298 exemplo
1051 2232 1211 2292 viderie

94 2322 208 2365 mus,
240 2312 404 2368 qualem
432 2313 514 2359 vim
544 2313 587 2358 in
619 2314 865 2374 affligendos
903 2316 1053 2362 artium
1079 2317 1212 2361 discia

636 2390 677 2434 D
1130 2391 1216 2451 pli..
