1483 2860
251 247 300 275 20
477 234 1145 278 COMMENTATIO

252 344 512 384 Verumtamen
531 352 784 384 nonnostrum
807 351 863 383 est
883 342 1074 382 consilium
1088 370 1101 389 ‚
1129 350 1170 381 ut
1193 341 1252 380 hic
1267 351 1356 390 gen·

253 413 345 451 tium
364 413 581 462 singularum
608 414 785 453 rationem
809 413 971 451 numeris
984 411 1056 450 suis
1069 412 1268 450 absolutam
1291 411 1354 449 de-

253 481 452 521 scribamus
470 511 482 530 ,
496 482 556 520 sed
567 493 707 521 tantum
722 492 764 520 ut
775 483 916 521 illarum
931 482 1005 520 vim
1027 482 1065 519 in
1088 481 1322 519 hierarchiam
1339 507 1354 528 ‚

256 561 292 589 et
319 551 539 590 hierarchiae
565 551 603 589 in
627 553 687 590 his
712 551 964 590 auctoritatem
992 550 1133 589 saeculo
1158 550 1352 590 undecimo

251 621 378 668 paucis
410 632 637 670 exponamus
663 621 746 669 (1).
800 619 916 670 Quod
938 630 980 658 ut
1003 620 1072 658 rite
1098 618 1185 667 fiat,
1212 620 1354 658 Romae

250 699 286 728 et
307 689 670 738 Constantinopolis,
698 690 851 727 duarum
866 688 992 735 orbis,
1012 697 1088 726 tum
1109 688 1230 728 civilis
1247 697 1350 734 ,tutu

229 750 526 806 >Ecclefiastici,
552 761 823 809 μητρόπολεων,
852 758 1016 796 conditio
1041 757 1189 807 politica
1220 766 1256 796 et
1276 758 1354 797 hie-

251 828 413 866 rarchica
444 829 609 879 primum
652 828 885 866 describenda
929 826 1101 875 videtur,
1149 837 1228 866 tum
1262 839 1352 866 vero

249 907 449 936 ceterarum
482 897 656 945 Europae
690 896 883 946 regionum
917 896 976 934 vis
1008 905 1045 934 et
1070 896 1265 946 imperium
1292 909 1354 935 ex-

250 967 446 1014 ponenda,
475 965 690 1004 ut-tandem
718 965 765 1003 de
798 964 913 1014 ipsius
936 964 1166 1018 ,hierarchiae
1200 966 1356 1015 fingula-

249 1035 315 1071 tim
342 1035 521 1082 spectatae
544 1034 762 1074 conditione
780 1025 816 1073 et
834 1035 1052 1074 auctoritate
1064 1063 1077 1083 ,
1091 1036 1213 1075 medio
1232 1035 1354 1074 seculo

251 1104 305 1142 XI
319 1131 332 1151 ‚
359 1115 407 1142 ex
429 1103 613 1142 industria
637 1115 798 1153 agamus.

736 1233 774 1283 §-
827 1246 865 1272 α.

441 1333 443 1336 ’
472 1348 593 1386 Roma
632 1356 668 1386 et
702 1344 1022 1396 Constantinopolis
1049 1345 1132 1394 (2).

302 1465 423 1504 Roma
457 1474 493 1503 et
526 1465 903 1514 Constantinopolis,
929 1472 1086 1511 utraque
1115 1463 1357 1512 metropolis,

248 1535 294 1573 de
317 1536 526 1584 principatu
547 1536 586 1573 in
599 1535 759 1584 Imperio
785 1543 822 1573 et
836 1534 1000 1574 Ecclesia
1024 1545 1100 1571 non
1121 1542 1257 1571 certare
1277 1543 1354 1570 non

1288 1605 1356 1651 po·

285 1716 339 1752 (1)
359 1716 404 1743 Ad
421 1714 506 1748 hujus
524 1714 634 1743 saeculi
649 1710 805 1743 historiam
824 1712 881 1741 rite
901 1712 1125 1748 percipiendam
1145 1710 1275 1746 optimae
1293 1711 1355 1739 sru-

250 1771 294 1806 gis
315 1772 380 1800 sunt
404 1771 635 1806 historiographi
659 1779 730 1799 mox
756 1769 917 1805 laudandi,
945 1777 1022 1804 quos
1051 1770 1078 1805 J.
1101 1767 1304 1796 Pistorius
1324 1768 1356 1796 in

251 1829 434 1857 bibliotheca
466 1829 582 1856 duobus
604 1830 669 1856 vol.
700 1827 848 1862 contulit,
879 1833 911 1853 et
933 1825 1120 1854 Francofurti
1144 1827 1226 1858 ¹583·
1248 1824 1354 1852 edidit.

249 1884 330 1913 Tum
350 1885 538 1913 Caesaris
566 1883 734 1913 Batonii
748 1904 758 1918 ,
781 1884 917 1912 Annales
949 1882 1178 1917 Ecclefiastics‘,
1199 1882 1288 1910 Tum.
1306 1880 1357 1909 XI.

248 1941 426 1975 Moguntiae
457 1941 549 1974 16063
590 1948 621 1968 et
647 1948 744 1975 opus,
783 1940 819 1968 ab
847 1940 901 1967 illo
928 1947 989 1968 non
1024 1938 1253 1971 disjungendum
1267 1956 1277 1971 ‚
1315 1938 1354 1965 Α.

249 1997 361 2031 Pagi,
384 1998 503 2024 Critica
529 1998 562 2023 in
598 1997 735 2024 Annales
764 1995 802 2024 C.
835 1995 1021 2030 Baronii‚
1050 1993 1246 2029 Antwerpiae
1272 2001 1356 2028 1705.

250 2053 350 2088 Opera
367 2054 485 2080 tandem
504 2053 590 2081 L.A.
608 2052 847 2088 Muratorii,
868 2052 1006 2080 Annae
1026 2051 1267 2085 Comnenne,
1287 2053 1354 2080 Zo-

248 2114 382 2142 natae,
415 2108 561 2143 aliorum,
595 2108 695 2135 lucem
723 2108 801 2135 haud
825 2107 944 2136 dubiam
969 2106 999 2136 in
1021 2106 1110 2135 tantis
1134 2105 1266 2134 tenebris
1283 2106 1355 2134 affe·

246 2170 327 2193 runt.

287 2222 341 2257 (α)
364 2220 567 2250 Occidentalis
592 2227 624 2249 et
648 2219 813 2249 orientalis
838 2219 961 2255 Imperii
990 2218 1119 2248 Romani
1150 2217 1360 2248 conditionem

248 2278 496 2314 describendam,
523 2285 554 2306 et
583 2277 742 2313 utriusque
766 2277 963 2313 metropolis,
995 2278 1112 2309 Romae
1133 2283 1163 2306 et
1187 2273 1353 2306 Constanti-

1295 2339 1350 2359 no-
