1483 2860
234 223 291 260 42
463 205 1129 250 COMMENTATIO

245 358 247 361 ,
287 317 485 358 Ordinatio
517 317 737 356 clericorum
753 343 767 364 ‚
793 316 953 366 mystica
990 316 1134 355 ratione
1173 316 1353 356 con-stitu-

234 397 297 436 ta,
350 399 466 427 unum
503 398 643 436 corpus
691 398 736 426 ex
776 386 889 426 variis
932 387 1123 436 dignitatis
1172 387 1348 435 gradibus

231 457 509 506 constituebat;
538 468 666 495 omnes
689 456 739 495 ita
765 456 988 496 hierarchiae
1017 455 1134 503 socii,
1161 456 1348 495 honorum

235 529 391 578 cupidi,
416 528 515 567 viam
541 527 609 566 fibi
630 528 703 565 late
725 535 913 575 patentem
943 527 1118 566 videbant
1133 554 1147 574 ‚
1187 529 1263 575 qua
1301 526 1350 565 ad

231 597 466 639 auctoritatis
489 597 678 647 fastigium
697 597 891 645 pervenire
911 605 948 635 et
973 596 1181 635 dominium
1208 595 1249 634 in
1275 595 1352 634 sae-

233 671 377 710 culares
392 698 406 717 ,
434 669 538 718 quod
564 667 631 706 fibi
654 676 865 716 competere
889 666 1061 705 dicebant
1075 695 1089 715 ,
1115 675 1240 706 tenere
1261 677 1353 715 pos-

234 741 330 782 sent.
381 740 438 779 Ut
473 749 587 788 porro
619 737 707 776 huic
741 736 953 776 dominandi
984 737 1104 775 studio
1143 736 1352 784 faveretur,

234 810 454 850 muneribus
482 807 760 856 ecclefiasticis‚
792 807 838 846 ad
865 808 984 857 majus
1007 816 1184 845 coetuum
1210 808 1354 844 emolu-

234 890 402 921 mentum
429 880 591 929 primum
616 878 780 917 conditis
800 906 813 926 ,
826 877 895 916 alia
913 877 1054 916 nullius
1069 876 1146 915 fere
1170 875 1354 914 momenti

233 954 491 999 addebantur,
519 961 614 998 quae
642 949 792 995 omnia,
818 948 865 986 ad
884 946 1002 984 sedem
1028 946 1236 984 Romanam
1268 955 1356 994 per-

232 1022 414 1069 tinentia,
442 1019 682 1059 hierarchiam
708 1018 913 1057 Romanam
931 1044 945 1063 ,
970 1026 1047 1053 non
1075 1014 1353 1062 Christianam,

232 1090 397 1132 effecisse
429 1098 528 1129 recte
558 1089 748 1128 dicuntur.
802 1086 1076 1127 Dividebantur
1104 1085 1245 1134 igitur,
1281 1084 1357 1123 sae-

233 1165 322 1204 culo
348 1163 471 1202 medio
502 1162 583 1208 XI,
611 1160 798 1205 ditiones,
821 1168 914 1206 quas
937 1154 1115 1205 spirituali
1135 1155 1356 1207 auctoritate

232 1234 411 1285 regebant
444 1232 611 1278 Clerici,
640 1230 679 1268 in
707 1229 909 1279 primatus,
942 1225 1126 1264 dioeceses
1164 1234 1202 1264 et
1236 1224 1356 1264 archi·

232 1305 479 1350 diaconatus;
507 1303 565 1341 his
588 1299 819 1340 accesserunt
855 1296 1079 1346 parochiae,
1108 1295 1248 1344 quibus
1286 1306 1352 1344 pa·

231 1375 363 1421 troni,
389 1382 565 1420 tanquam
600 1372 733 1409 horum
764 1376 940 1406 coetuum
971 1366 1212 1414 conditores,
1248 1377 1355 1415 prae·

233 1453 338 1484 erant
363 1444 454 1494 (1);
483 1442 524 1480 hi
548 1441 679 1479 exinde
703 1439 770 1478 fibi
794 1440 857 1488 jus
886 1437 1100 1476 collationis
1136 1435 1355 1484 sumebant,

233 1526 303 1564 ac,
333 1516 455 1564 pretio
488 1510 692 1551 constituto
708 1537 722 1556 ,
748 1519 900 1546 munera
925 1507 1185 1546 Ecclefiastica
1207 1506 1351 1546 nullius

232 1585 344 1636 pretii
368 1581 587 1623 hominibus
612 1579 818 1618 tradebant.
858 1577 1052 1616 Habemus
1078 1577 1138 1615 hic
1166 1575 1349 1615 abusuum

232 1655 432 1701 litiumque
446 1651 591 1690 fontem
617 1649 847 1688 uberrimum
860 1676 874 1696 ,
903 1648 970 1696 qui
987 1646 1099 1685 nobis
1113 1654 1247 1696 postea
1266 1646 1352 1697 plu·

235 1725 340 1765 ribus
371 1732 429 1762 est
453 1721 714 1760 memorandus
743 1719 828 1767 (2).

285 1797 386 1835 Cum
424 1791 649 1831 hierarchiae
681 1788 825 1826 indoles
853 1785 976 1825 cultas
1003 1794 1039 1824 et
1067 1785 1262 1824 doctrinae
1295 1796 1354 1824 ta-

233 1866 340 1906 tione
375 1863 516 1914 optime
553 1861 826 1910 dignoscatur,
876 1856 994 1896 verbo
1038 1857 1128 1895 haec
1166 1856 1356 1895 attendere

1311 1928 1357 1966 li·

255 2041 328 2101 ⁴(1)
355 2062 404 2091 De
430 2062 539 2090 horum
563 2057 680 2093 origine
706 2054 800 2084 Conf.
832 2053 1002 2088 Planck‚
1031 2053 1054 2081 1.
1086 2059 1115 2081 e.
1144 2051 1184 2080 11.
1220 2051 1257 2080 B.
1288 2058 1357 2087 pag.

238 2123 405 2159 619-634.
443 2118 482 2146 de
510 2123 617 2145 corum
642 2112 867 2150 progr-emim,
894 2112 916 2139 1.
944 2111 968 2140 1.
996 2109 1051 2138 111.
1081 2108 1184 2145 Band,
1211 2115 1279 2143 pag.
1305 2111 1360 2145 169

241 2180 271 2209 se
318 2198 328 2207 .

275 2187 331 2272 ἓξ)
354 2233 449 2263 Conf.
471 2238 547 2267 quae
575 2230 613 2258 de
646 2226 784 2258 simonia
809 2225 876 2255 sunt
898 2223 1046 2260 dicenda,
1071 2221 1163 2257 hujus
1187 2223 1351 2254 Commen-

241 2292 367 2325 utionis
384 2292 472 2323 Parte
490 2288 534 2319 11.
556 2286 632 2324 Cap.
656 2286 700 2316 11.
720 2284 749 2323 §0
768 2293 799 2315 2.

1479 2091 1483 2152 l

1468 2490 1477 2703 2—--÷r—
