1483 2860
462 242 884 285 neACETO.
1176 242 1234 288 ,19

276 419 594 466 SECTIO
647 414 1070 457 SECUNDA.

298 573 364 603 DE
404 569 594 600 Acss'ro
634 569 661 595 E
704 561 1042 594 CEREVISIA·

159 714 483 770 Quemadmodum
519 714 557 752 in
600 711 880 750 introductione
923 717 1052 749 nostra
1089 702 1235 747 monui-

107 799 196 829 mus
230 788 339 828 etiam
379 786 479 825 varia
520 783 795 822 frumentotum
836 790 967 828 genera
1013 779 1051 816 in
1090 787 1235 818 acetum

112 859 304 900 transferri
337 856 525 907 possunt3
563 851 759 892 continent
798 850 894 888 enim
928 849 1090 899 amylum
1122 855 1236 896 atque

111 940 255 981 praeter
271 929 365 967 illud
396 928 569 976 maj0rem
596 921 751 971 glutinis
777 919 1024 968 vegetabilis,
1052 919 1235 957 minorem

111 998 273 1039 sacchari
302 1006 338 1036 et
364 995 507 1046 gummi
543 991 788 1041 quantitatem
825 991 881 1039 1).
934 989 1115 1038 Amylum
1145 997 1236 1027 vero

112 1058 413 1113 frumentorum,
452 1072 650 1111 antequam
691 1059 731 1098 in
775 1067 918 1098 acetum
961 1059 1059 1097 verti
1098 1066 1238 1106 queat,

112 1139 275 1191 primum
311 1134 447 1176 m'ut'ari
485 1134 596 1173 debet
630 1132 669 1170 in
704 1130 943 1178 saccharum3
971 1138 1084 1177 atque
1110 1129 1240 1177 gluten

114 1207 323 1260 vegetabile
339 1235 351 1254 ,
379 1205 483 1254 quod
507 1202 642 1250 facile,
669 1200 732 1239 sua
757 1200 885 1239 indole
907 1199 954 1238 ad
983 1209 1136 1247 regnum
1162 1197 1242 1236 ani-

117 1280 213 1320 male
233 1274 454 1322 accedente,
471 1274 510 1312 in
535 1272 767 1321 putredinem
794 1270 898 1318 abit,
926 1268 1095 1318 separari.
1127 1269 1241 1306 Hunc

112 1349 205 1390 vero
233 1348 387 1396 scopum
422 1343 643 1391 attingimus
681 1340 978 1391 germinatione,
1018 1349 1112 1388 quae
1138 1338 1239 1378 actio

101 1419 266 1469 'quando
310 1409 467 1455 c'onfilio
509 1412 686 1451 incitatur
732 1412 963 1450 frumentum
1001 1409 1040 1447 in
1084 1410 1242 1448 maltum

115 1486 277 1529 vertitur
303 1486 377 1534 2);
414 1485 453 1522 in
490 1482 758 1533 germinatione
788 1481 885 1521 enim
918 1482 1048 1528 gluten
1075 1480 1122 1519 ad
1144 1479 1242 1519 radi-

116 1573 196 1600 cem
223 1558 459 1597 formandum
493 1553 753 1600 consumitur,
807 1552 972 1600 amylum
1008 1561 1142 1597 aquam
1180 1549 1245 1587 de-

118 1629 343 1679 componit,
373 1624 600 1676 oxygenium
628 1622 781 1662 assumit
812 1630 850 1660 et
888 1621 937 1660 fic
967 1621 1014 1659 ab
1050 1631 1124 1658 una
1158 1631 1245 1668 par-

121 1709 160 1741 te
189 1700 228 1739 in
261 1698 502 1743 saccharum,
527 1694 573 1733 ab
615 1695 728 1732 altera
758 1703 850 1731 vero
877 1692 917 1730 in
953 1690 1095 1740 gummi
1125 1698 1246 1729 muta-

120 1782 199 1813 tur.
254 1767 414 1817 Accepit
432 1766 506 1816 jam
530 1764 697 1813 saporem
724 1761 840 1811 magis
862 1759 1036 1809 dulcem,
1064 1761 1140 1799 imo
1166 1760 1246 1800 fere

124 1841 405 1886 saccharinum,
431 1847 545 1886 atque
583 1845 692 1873 omne
718 1832 796 1871 fere
827 1832 956 1882 gluten
983 1831 1189 1880 disparuit:
1217 1831 1248 1871 fi

123 1924 225 1954 nunc
259 1922 345 1950 cum
371 1920 468 1956 aqua
502 1906 620 1945 calida
643 1912 848 1951 tractetur,
876 1902 1072 1941 solvuntur
1104 1902 1250 1941 saccha-

126 1994 210 2025 rum
235 1990 272 2021 et
297 1979 439 2030 gummi
475 1987 588 2026 atque
623 1977 712 2015 haec
747 1972 886 2014 solutio
921 1971 1097 2011 facillime
1120 1973 1160 2011 in
1193 1971 1250 2011 vi-

1179 2054 1250 2082 no-

171 2169 206 2205 1)
229 2165 268 2196 C.
292 2165 326 2194 F.
349 2158 638 2195 Hermbstadt,
659 2156 836 2193 Antieitung
855 2162 1119 2193 etc.‚pag.174.

169 2227 205 2261 α)
224 2221 354 2257 Egregie
379 2228 470 2256 atque
499 2219 682 2248 sufficienter
702 2218 770 2247 satis
791 2219 865 2246 haec
888 2215 968 2244 acrio
989 2214 1139 2249 descripta
1159 2219 1203 2241 est
1220 2212 1254 2242 in

129 2281 238 2312 libello
257 2282 354 2310 Doct.
377 2280 414 2308 C.
436 2280 484 2306 W.
505 2278 551 2316 Ju
563 2278 626 2314 ch,
645 2277 696 2306 cui
714 2276 820 2306 titulus
838 2273 888 2304 die
900 2273 998 2302 Kunst
1014 2273 1068 2301 cler
1082 2271 1182 2307 Eslig-
1194 2272 1252 2299 Be-

136 2340 276 2374 reitung,
297 2336 416 2366 Niirnb.
441 2337 526 2366 1818.
939 2338 945 2343 '

664 2391 747 2429 Be
