1483 2860
462 194 529 224 nE
583 163 882 217 ACETO.
1022 191 1025 197 ,
1186 177 1247 218 391

120 303 263 342 acidum
292 296 495 339 aceticum‚
515 287 705 327 continere
726 282 870 321 acidum
894 278 1135 325 tartaricum,
1163 275 1248 314 tan·

118 383 236 411 tarum
253 397 266 417 ,
292 376 450 414 aquam,
478 357 666 398 materiam
701 350 945 391 saccharinam
962 377 974 395 ‚
1001 357 1135 386 terram
1165 346 1248 383 cal--

119 444 252 480 cariam
301 445 337 474 et
372 432 517 471 acidum
571 425 769 465 oxalicum.
851 420 915 458 Cl.
957 418 1249 462 Fourcroy

123 519 307 561 praeterea
338 501 479 542 invenit
507 495 694 537 materiam
724 489 962 530 extractivam
985 487 1243 531 commutem,

123 579 323 628 aliquando
352 569 586 619 mucilaginis
610 574 760 614 parvam
793 559 939 608 copiam
958 585 971 603 ‚
998 554 1140 594 acidum
1166 564 1242 590 ma-

123 653 237 691 licum
274 655 310 684 et
346 643 548 686 cimicum,
597 635 801 683 sulphatem
841 626 1009 678 potassae
1040 633 1076 661 et
1103 621 1250 670 sulpha-

127 730 201 759 tem
234 716 346 756 calcis
376 713 460 762 (1).
515 710 643 756 Atque
680 703 826 742 tandem
867 700 930 737 Cl.
961 693 1250 740 Robiquet

127 787 356 840 principium
405 780 590 829 quoddam
630 769 962 823 vegeto-animale
1006 765 1046 804 in
1085 770 1191 802 aceto
1229 772 1251 799 e

129 860 221 899 vino
247 854 367 896 adesse
395 849 522 890 statuit
552 848 615 894 Ω).
792 880 795 882 μ

183 929 340 967 Acetum
381 936 399 961 ε
436 918 623 965 εενενίβα.
679 913 781 952 Haec
819 907 913 947 aceti
946 904 1103 944 varietas
1141 911 1255 950 quae-

135 1001 218 1038 dam
246 996 354 1034 etiam
378 988 563 1040 principia
583 984 750 1024 continet
765 980 836 1028 ‚ad
858 985 1026 1015 naturam
1049 974 1149 1012 suam
1170 982 1261 1021 pro·

135 1067 217 1118 prie
251 1074 331 1103 non
360 1057 581 1111 pertinentia
598 1084 611 1104 ,
638 1053 779 1102 quibus
815 1046 1062 1096 distinguitur
1086 1044 1131 1082 ab
1154 1050 1260 1081 aceto

139 1151 160 1177 e
190 1137 297 1176 vino.
350 1130 530 1171 Continet
557 1126 653 1165 enim
684 1130 829 1161 acetum
864 1131 885 1157 e
911 1112 1089 1156 cerevifia
1113 1109 1259 1163 praeter

140 1209 286 1247 acidum
318 1203 499 1243 aceticum
537 1205 574 1236 et
611 1205 745 1244 aquam
782 1191 924 1238 semper
960 1195 1129 1234 magnam
1159 1182 1264 1232 prin·

141 1279 232 1327 cipii
260 1273 400 1314 mucosi
428 1283 464 1309 et
491 1266 632 1318 gummi
663 1262 921 1312 quantitatem.
979 1257 1192 1304 Evaporato
1220 1251 1269 1290 ad

143 1347 343 1387 siccitatem
368 1349 472 1380 aceto
507 1350 526 1375 e
548 1333 718 1374 cerevisia
733 1360 748 1378 ‚
775 1331 846 1368 hae
871 1325 1095 1366 substantiae
1118 1323 1158 1361 in
1183 1332 1271 1370 cap-

144 1419 222 1458 sula
245 1420 432 1454 remanent
446 1439 459 1457 ,
487 1417 661 1454 tanquam
683 1400 800 1441 massa
825 1408 937 1437 tenax
953 1425 966 1445 ‚
993 1397 1119 1442 lenta,
1136 1389 1272 1438 densa,

145 1487 316 1526 alcohole
334 1478 568 1525 insolubilis3
597 1481 740 1526 praeter
764 1472 855 1510 haec
884 1476 1006 1507 autem
1033 1463 1182 1513 insuper
1202 1460 1278 1500 aci-

149 1561 239 1598 dum
274 1549 597 1604 phosphoricum‚
626 1543 775 1593 quando
808 1540 906 1578 enim
935 1534 1156 1587 hujusmodi
1190 1542 1274 1570 ace-

143 1630 233 1668 ‘tum
270 1636 357 1664 cum
395 1619 581 1659 solutione
618 1605 755 1664 aquosa
785 1608 937 1649 acetatis
966 1605 1115 1656 plumbi
1141 1609 1280 1642 tracta·

154 1708 218 1737 tur
251 1695 374 1734 oritur
405 1687 687 1739 praecipitatum
711 1680 790 1722 albi
818 1677 984 1726 coloris,
1009 1688 1028 1714 e
1064 1673 1279 1724 phosphate

154 1765 302 1818 plumbi
334 1761 537 1806 constans,
575 1756 680 1805 quod
702 1765 774 1802 ope
799 1751 883 1790 tubi
916 1744 1206 1788 ferruminatorii
1240 1743 1281 1781 in

155 1836 355 1889 globulum
396 1832 557 1870 vitreum
599 1825 828 1877 pellucidum
871 1819 1043 1859 funditur
1082 1817 1140 1866 3).
1192 1814 1280 1853 Hoc

1204 1895 1280 1924 aci·

206 2036 240 2072 ι)
263 2035 284 2062 F
295 2041 342 2062 ou
353 2039 367 2060 r
375 2039 392 2060 c
400 2037 440 2059 ro
449 2037 470 2063 y
479 2048 490 2065 ,
512 2026 650 2062 Systeme
672 2023 726 2052 des
747 2018 979 2050 connaissances
998 2014 1166 2051 chimiques
1175 2033 1186 2051 ‚
1196 2012 1287 2044 'Tom-

166 2093 248 2123 vm.
267 2098 334 2126 pag.
357 2095 423 2125 193.

206 2149 242 2186 ῃ)
261 2144 494 2178 Robiquet,
513 2137 722 2168 Dictionnaire
742 2132 980 2170 technologique
1000 2132 1070 2161 Art.
1093 2130 1175 2159 aeid.
1187 2136 1285 2166 acen,

164 2209 236 2236 Par.
257 2206 340 2234 1822.
369 2208 438 2237 pag.
462 2208 511 2233 57·

210 2264 245 2301 3)
264 2259 358 2290 conf.
379 2259 416 2288 C.
425 2259 461 2288 G.
471 2256 508 2286 Τ.
519 2256 536 2285 S
547 2263 562 2284 c
573 2255 590 2283 h
600 2262 614 2283 r
624 2262 641 2283 e
651 2260 669 2289 g
678 2260 694 2282 e
705 2251 745 2282 r’s
753 2271 764 2288 ‚
785 2252 1022 2283 Beantwortung
1042 2246 1097 2276 dex·
1115 2245 1156 2275 im
1174 2243 1288 2274 Reichs

1227 2298 1293 2328 Au-
