1483 2860
279 263 330 303 60
478 257 1147 302 COMMENTATIO

275 369 393 410 Aurei
436 369 583 409 velleris
616 368 819 416 'equitibus
862 376 899 407 et
934 366 1166 407 senatoribus
1186 367 1379 407 nonnullis

267 439 548 489 Hoogstratiam
570 438 786 487 conveniret
808 437 1034 486 consiliaque
1053 444 1200 486 caperet
1225 436 1272 474 ad
1287 448 1383 476 rem·

273 510 460 560 publicam
493 508 674 547 labentem
711 516 748 545 et
770 508 916 557 iamiam
949 508 1138 545 cadentem
1175 505 1383 545 sustentan-

272 581 353 617 dam
383 588 496 626 atque
516 577 755 616 fulciendam.
808 576 949 615 Omnes
974 575 1089 625 igitur
1107 573 1384 624 Hoogstratiam

268 648 453 688 adierunt.
506 648 544 687 G
559 647 665 685 ulie
678 647 692 684 1
706 657 742 684 m
755 657 809 684 us
848 644 1056 684 tristissima
1074 645 1298 694 reipublicae
1319 656 1384 694 pe-

267 719 384 758 ricula
409 727 446 758 et
481 717 779 764 atrocisfimum‚
817 716 920 764 quod
951 714 1209 764 impendebat,
1240 715 1383 753 bellurn

265 788 377 829 civile
410 772 470 827 'iis
502 787 670 837 depinxit
707 796 744 825 et
779 786 1003 835 explanavit.
1067 785 1210 833 Deinde
1243 797 1385 835 propo-

263 859 366 907 suit,
392 866 437 896 ut
464 857 500 896 se
528 869 613 895 curn
636 868 680 895 eo
702 856 747 894 ad
763 854 916 904 patriam
939 854 1151 894 servandam
1180 855 1385 904 conjunge·

261 936 348 967 rent
379 936 493 976 atque
516 926 556 965 vi
579 924 643 965 sua
679 936 721 963 ac
753 923 974 963 auctoritate
997 927 1124 963 omnia
1156 923 1250 962 mala
1278 934 1385 963 aver-

261 1006 401 1036 terent.
452 997 620 1036 Frustra.
658 994 786 1044 MaJ'or
814 1005 901 1043 pars
936 1005 1093 1041 eorum,
1135 993 1201 1042 qui
1234 993 1385 1032 aderant

260 1067 484 1108 teterrimam
519 1077 642 1109 rerum
677 1062 809 1102 faeiem
847 1062 984 1101 inertes
1018 1061 1232 1111 adspicere,
1272 1073 1384 1111 quam

261 1135 409 1177 unicam
436 1147 531 1185 quae
551 1135 737 1184 supererat
752 1132 880 1172 salutis
901 1132 999 1171 viam
1019 1133 1163 1181 ingredi
1180 1132 1383 1173 malebant.

257 1234 292 1255 „
318 1208 450 1254 Itaque
472 1204 579 1255 (sunt
613 1204 690 1243 fere
712 1202 829 1252 ipfius
859 1201 1112 1241 Gulielmi
1135 1202 1271 1252 verba)
1294 1213 1386 1242 nos·

259 1303 293 1325 ,‚
319 1286 375 1315 ter
398 1283 609 1313 conventus
630 1274 724 1312 nihil
745 1271 872 1311 effecit
886 1300 900 1320 ,
927 1283 1038 1319 quarn
1059 1273 1163 1321 quod
1183 1272 1286 1311 omni
1311 1281 1385 1311 ter-

258 1371 292 1393 „
318 1354 440 1382 rarum
468 1343 560 1383 ,orbi
598 1344 789 1381 luculento
824 1341 1041 1380 testimonio
1072 1342 1382 1386 indicaverimus,

259 1441 292 1464 „
319 1423 390 1452 nos
405 1423 466 1458 ea,
495 1420 590 1459 quae
613 1408 780 1456 quotidie
806 1407 1057 1456 comperimur
1073 1436 1087 1456 ‚
1113 1408 1206 1448 mala
1224 1410 1297 1459 Jam
1317 1420 1383 1448 an-

258 1512 292 1534 „
318 1492 378 1521 tea
406 1480 663 1531 praevidentes
680 1506 693 1525 ,
721 1476 845 1516 omnia
885 1476 1064 1524 tentasse,
1094 1476 1231 1526 quibus
1262 1479 1383 1519 immi-

259 1582 292 1603 ,‚
317 1562 448 1592 nentes
498 1547 724 1587 calamitates
771 1543 933 1596 effugere
966 1555 1004 1585 et
1049 1555 1214 1588 avertere
1255 1550 1383 1598 posse-

261 1650 294 1672 „
321 1634 404 1661 mus
427 1619 530 1671 (1).’

309 1693 417 1732 Hanc
454 1687 781 1738 congregationem
825 1685 889 1725 alii
938 1685 1218 1736 malivolentia,
1257 1699 1382 1728 errore

254 1763 318 1802 alii
349 1761 479 1809 ducti,
517 1759 568 1797 ita
604 1759 889 1808 explicuerunt,
924 1764 969 1795 ut
1013 1756 1259 1797 Gulielmi
1290 1770 1382 1798 con·

255 1832 333 1872 filia
361 1830 667 1880 reprehenderent
699 1829 858 1878 ejusque
888 1826 996 1866 fidem
1031 1826 1232 1876 suspectam
1269 1830 1383 1869 habe-

255 1909 338 1941 rent
374 1902 458 1949 (2).
512 1899 698 1947 Equidem
738 1898 786 1936 fic
821 1896 1022 1944 existimo,
1053 1897 1379 1940 Gulielmum

254 1973 322 2014 hac
347 1971 387 2009 in
413 1982 452 2009 re
483 1968 576 2008 nihil
614 1966 756 2017 egisse,
784 1967 888 2016 quod
917 1967 977 2006 vel
1011 1978 1097 2007 cum
1124 1967 1378 2020 Philippi

1321 2052 1380 2080 re·

292 2162 348 2203 (ι)
368 2163 444 2193 Vid.
467 2164 558 2199 Apol.
579 2171 648 2199 pag.
672 2171 721 2197 72.
745 2162 791 2198 sq.

289 2219 345 2256 (π.)
365 2219 437 2248 Vid.
461 2217 760 2253 Bentivoglio.
791 2217 850 2251 Op.
869 2217 892 2244 l.
915 2223 983 2252 pag.
1005 2221 1052 2250 ³7·
1076 2213 1120 2248 sq.
1147 2226 1185 2237 -
1204 2215 1375 2256 Burgun-

253 2279 347 2310 aus‚
367 2273 426 2309 op.
446 2273 467 2303 1.
487 2280 520 2308 p.
543 2275 593 2308 67,
615 2286 652 2293 —
671 2272 795 2305 me,
815 2271 841 2300 1.
864 2278 932 2306 pag.
952 2277 1021 2307 435.
1039 2269 1106 2304 sqq.
1129 2282 1168 2291 -
1189 2268 1294 2304 Wag.
1317 2271 1371 2303 vt.

251 2335 320 2366 pag.
343 2334 408 2364 152.
430 2327 495 2364 sqq.
518 2324 612 2355 conf.
631 2326 711 2355 Van
731 2325 800 2355 der
827 2325 854 2355 H
865 2332 949 2362 aer,
970 2325 1030 2361 Op.
1050 2325 1072 2353 l.
1093 2329 1162 2360 pag.
1181 2324 1247 2360 306.
1266 2323 1332 2359 sqq.
