1483 2860
390 217 902 297 LrTERAer
978 234 981 237 ’
1158 263 1210 314 η

88 359 313 408 designatum
336 359 592 399 convenirent.
624 360 812 399 Praeterea
847 360 942 408 alia,
960 360 1100 408 quibus
1127 367 1208 399 tur-

81 428 158 467 'bae
190 439 319 468 omnes
358 429 566 468 sedarentur
605 430 812 468 constituit.

140 498 281 537 Eadem
315 498 456 538 ratione
488 499 678 549 Lugduno
718 500 879 550 aliisque
915 499 1073 540 urbibus
1108 510 1208 549 mag-

89 576 231 616 nopere
255 567 402 617 profuit
425 568 510 617 (1).

140 637 305 676 Ordines
334 639 553 678 Hollandiae
569 668 582 687 ‚
597 639 720 679 omnia
735 669 748 688 ‚
778 651 874 688 quae
903 640 981 680 Gu
997 639 1209 678 lieimus

89 705 283 754 effecerat,
320 707 420 746 bona
446 711 682 747 recordantes
723 709 995 759 quinquaginta
1033 717 1070 747 et
1100 708 1211 758 quin·

85 777 305 824 que'millia
330 779 558 817 florenorum
589 779 730 818 donum
766 779 798 817 ei
832 778 1066 818 obtulerunt.
1133 778 1212 816 Ve-

86 856 171 885 rum
208 848 338 886 excelfi
373 848 486 887 animi
510 848 594 897 vir,
621 849 687 897 qui
715 849 753 888 in
783 849 961 887 omnibus
988 859 1084 896 quae
1110 859 1213 897 gere-

91 916 156 955 bat
178 944 193 964 ,
255 918 395 966 patriae
443 930 568 957 amore
607 919 813 958 ducebatur
838 947 852 967 ,
899 919 1040 957 nullam
1080 917 1213 966 utique

89 997 202 1034 quam
234 988 373 1026 civium
411 997 555 1036 gratum
579 988 742 1027 animum
776 988 1113 1027 remunerationem
1150 997 1214 1024 ex-

83 1054 287 1104 spectabat.
317 1057 448 1106 Itaque
478 1059 582 1096 hisce
599 1086 612 1106 ,
634 1067 742 1097 >tanto
770 1058 923 1096 homine
950 1055 1175 1106 dignissimis
1194 1082 1211 1103 ‚

87 1124 214 1163 verbis
242 1125 426 1165 Ordinum
465 1139 603 1165 munus
630 1127 797 1175 accipere
835 1126 1032 1166 recusavit.
1063 1125 1212 1173 „Ves-

89 1221 122 1242 „
148 1205 212 1249 tra⁸
229 1206 315 1243 erga
352 1207 410 1234 me
435 1196 693 1236 benevolentia
719 1209 787 1246 per
811 1197 902 1235 mihi
938 1205 1039 1247 grata
1059 1194 1209 1235 accidit.

86 1291 122 1312 ‚‚
149 1265 300 1304 Donum
324 1278 414 1305 vero
454 1270 599 1306 recuso.
644 1267 805 1306 Pecunia
828 1266 913 1314 illa,
953 1276 1027 1305 tam
1061 1264 1210 1305 lubrico

87 1361 120 1382 „
148 1336 286 1383 patriae
311 1335 405 1374 statu
420 1365 434 1385 ‚
449 1337 495 1375 ad
519 1337 709 1375 meliorem
736 1338 849 1376 finem
876 1336 1084 1376 adhibenda
1105 1333 1212 1376 est.”

139 1404 269 1444 Paullo
296 1415 386 1454 post
424 1407 590 1446 libellum
629 1408 669 1446 in
704 1410 823 1447 lucem
859 1408 974 1447 edidit
1012 1405 1217 1446 Guliel-

86 1482 162 1512 'mu
176 1486 217 1522 s,
235 1487 311 1523 quo
330 1475 573 1515 miserrimum
600 1490 721 1516 rerum
747 1475 1079 1527 statum'praeclare
1098 1487 1214 1524 expo-

84 1544 161 1583 suit
185 1543 368 1594 simulque
392 1547 555 1585 ostendit
570 1575 582 1595 ,
610 1548 876 1596 rempublicam
903 1547 1036 1588 salvam
1061 1548 1214 1585 evadere

87 1624 164 1652 non
191 1613 327 1662 posse,
355 1615 422 1653 nifi
445 1616 618 1655 concessa
643 1618 834 1667 cogitandi
860 1619 1044 1656 libertate.
1090 1617 1215 1655 Haec-

80 1688 129 1718 ce
151 1678 300 1727 scriptio
327 1680 545 1719 acerrimum
573 1681 764 1730 ingenium
782 1710 795 1729 ‚
822 1681 986 1721 divinam
1025 1681 1210 1729 quandam

84 1747 299 1798 sapientiam
336 1747 593 1799 summamque
619 1751 840 1801 prudentiae
877 1751 1002 1790 civilis
1041 1749 1212 1799 peritiam

87 1819 294 1859 luculenter
329 1821 498 1859 ostendit
520 1826 605 1872 (α).

1078 1904 1117 1953 §.
1146 1914 1211 1954 23.

125 2035 180 2074 (1)
199 2036 269 2066 Vid.
291 2037 393 2066 Leven
411 2045 472 2066 cet.
492 2037 516 2065 1.
534 2044 602 2073 pag.
620 2043 687 2072 529.
714 2037 780 2073 sqq.

126 2093 181 2130 (α)
201 2094 284 2130 Quae
303 2094 537 2123 Gulielmus
560 2095 616 2123 hac
647 2093 815 2130 scriptione
839 2094 938 2130 dixit,
969 2101 1037 2123 utut
1061 2095 1214 2130 praeclara

88 2157 123 2179 ac
141 2151 222 2179 lectu
247 2151 430 2187 dignisfima,
451 2153 511 2192 hoc
536 2153 608 2180 loco
633 2153 751 2180 tradere
775 2151 942 2186 argumenti
966 2151 1137 2187 amplitudo
1155 2151 1213 2179 mi-

91 2206 174 2236 nime
191 2207 313 2241 patitur.
352 2208 463 2236 Lector
489 2207 580 2242 igitur
605 2208 715 2236 horum
736 2208 934 2242 legendorum
959 2208 1088 2243 cupidus
1111 2208 1210 2238 adeat.

93 2263 243 2297 llooft,
271 2264 330 2298 Op.
350 2265 457 2294 10v01.
489 2264 514 2295 1.
541 2271 611 2300 pag.
641 2267 710 2296 166.
739 2264 804 2300 sqq.
824 2278 861 2287 —
883 2265 983 2300 Bor,
1004 2266 1065 2301 Op.
1093 2265 1208 2303 1..Vol.

66 2359 68 2362 y
93 2319 120 2350 Ι.
142 2318 200 2349 fol.
223 2328 272 2358 92.
293 2319 358 2357 sqq.
