1483 2860
4 2333 6 2359 „c
2 2166 5 2309 μ-,ἡᾼ
2 2142 3 2148 ᾼ
0 2023 8 2114 ,Ὕήᾼ

405 284 913 327 LlTERARIA.
1166 293 1215 330 29

100 423 131 445 „
161 395 320 436 luimus:
362 407 436 446 qua
469 396 506 435 in
540 407 580 434 re
609 405 710 443 nos,
737 393 788 432 ob
812 393 975 433 honores
988 400 1025 431 et
1054 389 1231 442 dignita-,

97 467 238 515 ,‚'tes‚
265 465 350 506 satis
379 466 563 515 superque
588 465 662 504 fide
690 464 826 514 dignos
853 464 930 503 esse
957 462 1123 502 arbitrati
1154 460 1216 501 su-

94 563 128 584 „
155 547 254 576 mus.
318 535 512 575 Lubenter
548 535 679 574 itinere
715 536 755 574 in
791 534 1012 585 Hispaniam
1037 534 1217 572 ‘tendere-

94 632 128 654 ,‚
154 617 265 654 mus,
293 606 360 645 nifi
388 603 625 655 reipublicae
642 605 756 644 status
791 605 866 643 hoe
896 612 1052 643 vetaret.
1105 602 1216 642 Adeo

93 702 128 724 „
156 675 255 713 enim
286 686 349 714 res
383 675 627 714 conturbatae
658 675 772 723 sunt,
810 682 854 713 ut
889 685 968 713 non
993 674 1062 714 nifi
1081 670 1217 723 magno

96 762 129 794 3,
156 744 296 794 patriae
335 745 559 785 detrimento
609 755 630 784 a
672 743 829 784 statione
871 745 1003 783 nostra
1040 744 1220 784 decedere

97 841 132 864 ‚,
159 815 361 864 possimus.
484 822 487 824 '
1209 820 1211 823 ’

102 909 113 917 -
149 912 182 933 ,‚
209 886 328 924 Porro
351 894 391 924 te
412 895 559 923 oramus
574 913 588 933 ‚
601 892 645 922 ut
660 883 770 923 hasce
790 891 938 923 nostras
949 883 1076 923 literas
1096 882 1136 921 in
1150 881 1224 921 bo·

100 980 133 1002 ,,
159 964 242 993 nam
266 963 406 1003 partem
431 952 591 1003 accipias
606 982 620 1002 ‚
646 964 770 1001 neque
794 953 833 993 id
868 953 981 991 nobis
1009 951 1221 991 succenseas

99 1050 132 1071 ,‚
160 1023 267 1071 quod
290 1035 377 1061 cum
391 1023 420 1063 P
436 1036 456 1062 e
470 1035 551 1063 ren
565 1032 650 1063 otto
670 1023 828 1073 amplius
844 1023 1000 1063 Senatui
1009 1021 1131 1062 adesse
1141 1032 1223 1061 non

99 1120 133 1140 „
159 1093 373 1141 posfimus,
420 1095 565 1143 quippe
600 1094 739 1143 quibus
775 1094 899 1133 omnis
934 1094 992 1133 vis
1028 1101 1065 1132 et
1093 1101 1225 1133 aucto-

99 1189 133 1210 „
159 1161 248 1201 ritas
285 1162 423 1201 fractae
455 1163 529 1202 fint
559 1171 597 1202 et
634 1164 759 1213 nihil,
792 1164 862 1203 nifi
895 1165 1029 1207 umbra
1064 1162 1224 1202 honoris

100 1258 135 1280 „
161 1231 408 1280 reIInquatur.
463 1233 721 1272 Nihilosecius
766 1235 806 1272 in
835 1234 919 1273 aliis
955 1232 1134 1273 omnibus
1169 1244 1229 1272 re·

99 1328 132 1351 ‚‚
159 1300 259 1350 bus,
286 1313 383 1350 quae
413 1303 473 1341 vel
493 1303 541 1341 ad
571 1303 688 1353 Regis
717 1303 964 1352 obsequium,
991 1304 1054 1342 vel
1086 1302 1133 1341 ad
1154 1303 1225 1342 Pa-

101 1400 135 1422 „
158 1373 254 1412 ,triae
286 1371 441 1411 salutem
480 1372 670 1423 spectant,
698 1384 770 1412 nos
796 1373 920 1412 officio
948 1372 1119 1422 gnaviter
1140 1382 1227 1421 per·
1281 1374 1285 1379 “

101 1470 135 1492 ,,
161 1442 364 1485 functuros
394 1442 498 1492 esse,
524 1443 830 1492 promittimus.”

152 1513 358 1561 Postquam
403 1513 498 1553 hanc
535 1514 733 1563 epistolam
780 1514 828 1553 ad
882 1525 1009 1563 regem
1033 1512 1227 1553 :miserant

103 1582 210 1623 Mar
222 1583 438 1633 garitam
477 1594 633 1634 quoque
679 1583 878 1623 certiorem
923 1582 1126 1632 fecerunt,
1187 1581 1227 1621 se

102 1652 368 1703 non'amplius
403 1654 558 1693 Senatui
590 1653 841 1693 interfuturos
876 1638 991 1692 esse.v
1033 1656 1038 1690 ζ

152 1724 466 1773 Margarita,
492 1726 538 1763 de
575 1725 639 1763 tali
665 1736 788 1763 rerum
814 1724 909 1763 statu
938 1724 1057 1774 magis
1091 1722 1230 1772 magis-

106 1806 183 1844 que
217 1793 402 1843 sollicita,
438 1794 644 1834 actuariurn
677 1793 783 1833 suum
820 1794 1146 1834 Armenteros
1184 1793 1226 1831 in

92 1864 324 1914 'Hispaniam
348 1865 474 1914 misit,
501 1866 568 1914 qui
597 1864 636 1904 G
651 1863 850 1903 ulielmi
875 1864 1111 1913 aliorumque
1137 1875 1233 1912 que-

105 1936 199 1975 relas
216 1935 314 1984 Regi
348 1944 531 1975 enarraret
546 1964 561 1985 ‚
587 1935 698 1985 eique
723 1935 901 1974 omnibus
927 1934 1049 1973 modis
1079 1932 1228 1984 persua-

105 2006 194 2047 dere
228 2015 427 2046 conaretur
445 2034 460 2055 ,
492 2016 535 2045 ut
560 2006 588 2047 P
606 2013 884 2045 eronotum
920 2016 942 2043 e
977 2004 1110 2054 Belgio
1135 2014 1227 2043 avo-

104 2084 222 2116 caret.

159 2146 300 2197 Quod,
328 2158 445 2196 quum
478 2143 693 2197 perfecisset
722 2142 1230 2192 Armenteros‚>quid

108 2216 245 2256 faceret
278 2217 434 2256 omnino
461 2217 627 2256 incertus
665 2215 839 2255 haerebat
868 2226 948 2254 rex·
1002 2215 1114 2273 Dum*
1129 2213 1232 2262 apud

111 2286 149 2327 se
185 2279 438 2337 deliberabat,
484 2299 530 2328 an
575 2287 772 2337 Belgarum
810 2284 1032 2336 proceribus
1087 2295 1229 2345 morem

1169 2365 1231 2403 ge·
