1483 2860
239 245 310 292 136
453 238 1127 281 COMMENTATIO

235 378 268 399 „
298 361 455 398 rumque
503 350 642 389 civium
694 349 793 387 bona
834 347 1043 398 publicavit
1081 356 1117 387 et
1155 347 1364 398 disfipavit.

237 448 269 469 „
299 420 403 459 Nihil
427 429 499 458 tam
527 420 667 458 sacrum
684 448 697 468 ,
727 417 890 457 sanctum
908 448 922 468 ‚
957 418 1111 468 piumve
1132 426 1236 466 erat,
1264 418 1367 467 quod

236 517 269 539 ‚,
296 491 376 540 ejus
419 490 675 528 crudelitatem
704 487 903 537 effugeret.
961 489 1122 528 Nullum
1149 487 1267 526 scelus
1293 495 1370 526 tam

240 587 272 610 ‚‚
300 560 554 598 truculentum
573 587 586 605 2
633 567 704 598 tam
757 558 968 607 nefarium,
1021 567 1095 597 tam
1136 556 1372 605 inauditum,

242 658 273 679 „
302 629 408 678 quod
439 629 500 667 hic
524 640 602 668 non
634 629 772 671 ederet.

292 727 324 748 ‚‚
351 699 494 738 Verum
512 699 607 748 quid
633 710 732 748 opus
753 707 811 737 est
838 707 976 737 tantam
1007 698 1273 736 immanitatem
1296 705 1376 736 tan·

237 797 269 817 „
300 777 452 817 tamque
481 769 613 817 agendi
653 769 846 807 libidinem
871 779 1074 818 exponere.
1128 768 1280 806 Etenim
1312 779 1371 806 res

241 867 272 888 ,‚
300 850 356 878 est
390 839 519 878 notior
542 850 584 877 ac
616 839 809 887 testatior,
839 850 950 886 quam
977 849 1072 887 quae
1098 838 1274 876 uberiore
1299 838 1377 876 dis-

241 937 273 958 „
303 910 504 957 quifitione
530 908 707 958 indigeat.
763 908 907 947 Omnes
936 919 1016 947 non
1041 916 1186 947 tantum
1211 909 1374 957 Belgae,

242 1007 273 1028 ,,
302 991 430 1018 verum
465 979 573 1018 etiam
607 979 722 1018 exteri
747 978 882 1028 populi
905 987 1020 1027 atque
1043 977 1234 1028 principes
1262 977 1376 1016 istius

239 1078 271 1098 ,‚
304 1049 468 1088 hominis
493 1049 646 1088 confilia
681 1048 855 1097 factaque
881 1049 1120 1087 vehementer
1141 1048 1376 1098 improbant.

242 1147 275 1169 „
302 1120 429 1170 Quare
459 1120 566 1157 nullo
608 1121 722 1158 modo
749 1119 861 1158 nobis
898 1117 1113 1168 persuadere
1149 1117 1378 1167 possumus,

221 1211 275 1239 >.‚,
303 1200 341 1229 te
376 1202 530 1239 quoque
561 1191 608 1229 ab
648 1191 695 1228 iis
728 1201 806 1229 non
842 1189 1058 1228 abhorrere.
1112 1189 1216 1239 Quin
1244 1188 1373 1237 potius

244 1288 276 1309 „
304 1260 490 1299 credimus
530 1270 567 1299 te
594 1263 775 1311 majorum
812 1269 963 1298 tuorum
1003 1259 1161 1309 vestigia
1190 1259 1379 1298 inculcan-

243 1359 276 1379 ‚,
305 1340 406 1378 tem,
443 1330 666 1378 clementia,
717 1330 870 1369 lenitate
909 1342 949 1369 ac
982 1330 1235 1369 moderatione
1273 1330 1374 1368 cives

245 1429 277 1450 „
305 1410 393 1439 tuos
430 1412 557 1451 regere
585 1402 719 1449 malle,
749 1413 858 1450 quam
895 1409 1030 1439 tantam
1065 1399 1218 1438 immitis
1252 1409 1378 1450 tyran-

248 1500 280 1521 „
307 1472 348 1510 ni
377 1471 564 1510 licentiam
613 1470 839 1521 permittere.
909 1470 1037 1521 Quum
1087 1470 1203 1519 igitur
1235 1470 1382 1508 Alba·-

247 1571 279 1592 „
305 1553 425 1590 nuS‚
471 1542 508 1581 se
541 1542 710 1582 omnium
742 1540 1023 1580 malefactorum
1059 1549 1279 1579 nostrorum
1316 1550 1380 1579 ve·

242 1595 277 1659 ‚'‚
303 1611 403 1649 niam
437 1611 610 1650 daturum
645 1610 721 1649 esse
751 1610 967 1658 promittit,
993 1610 1116 1659 hanc,
1143 1608 1213 1648 nifi
1241 1609 1381 1647 violata

247 1709 278 1729 „
308 1681 499 1730 majestate
523 1689 587 1719 tua
622 1689 658 1718 et
683 1681 888 1729 dignitate,
916 1680 1083 1729 accipere
1121 1681 1227 1718 nullo
1264 1680 1378 1718 modo

246 1779 276 1800 „
305 1749 520 1800 possumus.
590 1750 831 1789 Confidimus
876 1750 1003 1798 enim,
1044 1760 1080 1788 te
1125 1751 1227 1788 cives
1263 1757 1375 1796 tuos,

249 1849 280 1869 „
308 1830 393 1859 aute
437 1820 579 1859 causam
626 1821 815 1868 auditam,
865 1831 942 1858 non
982 1819 1175 1858 seditiosos
1217 1828 1254 1856 et
1288 1829 1309 1856 a
1341 1826 1379 1856 te

247 1919 277 1939 „
309 1890 452 1929 alienos
486 1891 699 1929 habiturum
729 1889 820 1929 esse.
877 1890 915 1928 Si
943 1889 1080 1937 aliquis
1118 1887 1290 1926 criminis
1311 1898 1380 1925 cu·

249 1989 281 2009 „
304 1960 467 2010 juspiam
500 1959 717 2008 accusetur,
746 1960 946 2008 utriusque
972 1958 1088 2008 partis
1125 1957 1268 1997 causam
1294 1966 1380 1996 ante

250 2056 284 2080 ,‚
314 2031 530 2068 audiendam
572 2030 678 2078 esse,
720 2041 829 2078 quam
857 2030 1126 2067 condemnatur
1167 2039 1280 2076 reus,
1317 2038 1383 2066 ne-

249 2129 280 2149 „
310 2112 372 2138 mo
410 2109 493 2148 est,
523 2100 590 2149 qui
616 2099 779 2138 dubitet.
845 2101 949 2149 Ergo
980 2101 1073 2138 hanc
1097 2099 1210 2138 nobis
1241 2099 1288 2138 da
1318 2110 1381 2137 ve-

252 2199 283 2219 „
311 2171 408 2209 niam
428 2200 441 2218 ‚
476 2179 518 2209 ut
552 2171 801 2209 innocentiam
826 2180 992 2209 nostram
1019 2170 1145 2209 verbis
1174 2169 1379 2219 probantes

253 2269 284 2289 ,‚
315 2249 350 2278 et
390 2251 618 2290 exponentes
654 2241 814 2290 benigne
854 2242 998 2280 audias.
1055 2241 1266 2289 Hucusque
1302 2241 1381 2278 Al-

253 2337 283 2358 „
312 2310 424 2350 bani
474 2320 616 2350 tantum
668 2314 863 2361 querelae,
915 2312 1037 2351 nuntii
1084 2320 1120 2351 et
1155 2310 1382 2350 criminatio·

1251 2408 1283 2431 „
1310 2391 1377 2420 nes
