1524 2850
294 258 352 303 32
564 257 1098 306 ORATIO.-

288 393 492 438 maximas
506 393 629 451 hujus
658 393 799 453 operis
822 393 1095 438 instauratori
1110 396 1282 448 ,Bekio
1308 405 1416 440 nos-³

287 477 359 515 tro
375 503 388 525 ‚
427 464 583 530 gratias
618 468 791 524 deberi,
823 470 895 528 qui
924 471 1006 516 hac
1044 471 1088 514 in
1127 485 1174 515 re
1205 471 1308 528 quid
1344 484 1416 517 ars

287 548 424 594 valeat
467 548 569 605 quid
595 547 830 592 indefessus
856 547 1009 602 labor,
1041 548 1180 592 denuo
1207 547 1366 592 docuit.

347 624 412 668 Ita
449 623 625 682 cognitis
675 623 727 669 iis
777 635 886 681 quae
919 623 964 668 in
1003 624 1245 683 plantarum
1282 637 1417 684 prae-

288 700 434 746 sertim
470 701 571 760 ligni
607 700 886 745 destillatione
926 700 1222 761 producuntur
1236 731 1250 755 ,
1280 713 1416 745 novus

288 785 460 823 exortus
502 785 565 823 est
601 778 753 823 modus
781 777 904 823 Aceti
926 777 1132 838 parandi,
1164 777 1281 835 quod
1301 776 1418 821 mul-

287 854 345 899 tis
383 854 554 900 dotibus
571 889 584 910 ‚
622 863 743 900 aceto
787 855 911 900 acida
949 854 1269 899 fermentatione
1305 867 1419 913 pro-

287 930 418 976 ducto
456 932 642 987 excellit3
675 931 793 989 quod
820 939 862 977 et
892 931 948 976 ab
973 931 1292 989 inquinantibus
1318 945 1419 975 ma-

285 1008 470 1054 teriebus
505 1009 732 1063 orbatum,
757 1014 799 1052 et
824 1021 920 1052 cum
956 1007 1008 1052 iis
1044 1008 1260 1066 junctum,
1290 1022 1419 1067 egre-

286 1084 346 1143 gii
383 1093 446 1129 est
474 1100 587 1130 usus.
650 1085 758 1130 Illud
800 1087 1049 1129 Mollerati
1085 1084 1300 1130 inventum
1330 1086 1417 1143 jam

287 1161 334 1208 in
366 1161 506 1221 patria
545 1169 693 1206 nostra
731 1161 980 1206 translatum
1022 1161 1100 1206 fuit
1115 1193 1128 1214 ,
1159 1169 1201 1206 et
1240 1161 1286 1205 in
1324 1161 1419 1206 Na·-

287 1239 501 1283 murcensi
538 1239 712 1298 regione
767 1238 852 1283 hoc
906 1238 1036 1283 modo
1080 1246 1245 1283 acetum
1282 1252 1418 1298 para-

288 1314 330 1361 ri
356 1323 554 1375 coeptum
587 1323 649 1361 est
665 1347 678 1371 ‚
694 1323 735 1361 et
756 1315 802 1360 in
835 1329 1101 1360 communem
1142 1330 1269 1360 usum
1307 1328 1417 1361 con-

288 1393 397 1439 cedi.

346 1469 435 1515 Sed
476 1471 557 1515 alia
603 1486 774 1529 quoque
826 1476 1068 1531 temporum
1120 1466 1166 1514 in
1221 1477 1415 1515 nostram

289 1547 563 1592 instituonem
602 1549 664 1593 vis
698 1548 864 1593 videtur
882 1580 895 1602 ‚
938 1554 1110 1608 praeter
1147 1546 1261 1592 illam
1307 1561 1416 1604 quae

288 1623 423 1684 ipsius
453 1632 616 1684 spectat
655 1625 901 1685 disciplinae
940 1623 1209 1668 mutationes.
1285 1623 1416 1668 Scili-

290 1709 358 1747 cet
391 1702 506 1746 haud
547 1717 647 1746 raro
683 1702 862 1756 accidit,
894 1710 941 1746 ut
975 1709 1216 1760 temporum
1257 1715 1416 1759 angus-

291 1778 377 1824 tiae
409 1780 601 1824 homines
641 1779 854 1837 coegerint
896 1793 942 1823 se
983 1777 1188 1836 ejusmodi
1218 1776 1417 1821 addicere

291 1856 478 1909 artibus,
510 1871 615 1913 quas
653 1857 771 1915 prius
813 1863 884 1900 aut
925 1855 1050 1914 plane
1089 1869 1175 1897 non
1203 1861 1417 1899 tractave-

289 1939 415 1986 rant,
447 1940 518 1976 aut
557 1947 666 1990 quae
708 1932 797 1977 aliis
838 1932 983 1991 peragi
1020 1932 1214 1976 solebant
1246 1931 1415 1988 modis3

289 2016 339 2054 ut
376 2024 449 2054 eos
490 2009 571 2054 sibi
609 2011 674 2055 vel
712 2017 885 2054 naturae
922 2009 988 2054 vel
1021 2009 1256 2053 industriae
1293 2008 1416 2052 fruc-

291 2092 361 2132 tus
403 2093 725 2145 compararent,
757 2101 938 2143 quorum
981 2101 1101 2130 usum
1136 2086 1202 2130 vel
1227 2085 1415 2130 necessi-

292 2170 359 2207 tas
408 2165 695 2222 postulaverat
744 2163 809 2207 vel
860 2163 1120 2225 consuetudo
1174 2162 1412 2207 induxerat.

294 2239 404 2287 Hinc
452 2241 688 2286 uberrimus
740 2240 865 2284 etiam
908 2240 1060 2285 artium
1109 2238 1242 2284 extitit
1289 2239 1414 2294 fons3

1363 2321 1411 2358 ut
