1483 2860
410 202 852 259 JUR1DICA.
1161 215 1206 269 ¹9

121 317 191 367 Jus
215 315 450 357 Hodiernum
474 325 634 366 conti-t,
663 325 749 356 tum
775 315 883 366 quod
914 316 961 355 ad
993 315 1204 367 principia,

70 394 137 426 'um
179 387 284 435 quod
307 388 353 426 ad
400 386 555 425 effectus
603 385 757 425 sancivit
794 387 940 435 regulas
979 384 1206 434 simplicitati

72 458 231 497 naturali
266 457 382 506 magis
418 458 746 505 accommodam,
778 456 865 505 quia
892 455 1086 505 legislator
1110 466 1203 494 nos-

71 536 131 567 ter
163 528 204 567 in
243 528 433 568 condenda
465 528 534 566 hac
570 527 720 565 materia
755 526 794 565 id
831 526 870 564 in
897 526 1027 575 primis
1061 524 1205 575 specta·

70 597 156 644 vit,
183 609 230 636 ne
255 597 460 636 libertatem
486 596 783 635 conventionum
807 594 1049 634 ineundarum
1087 594 1199 633 nimis

69 668 185 707 arctis
212 668 352 707 finibus
377 669 630 717 praecluderet
653 676 691 705 et
722 667 768 704 ad
793 676 936 715 paucos
968 674 1111 703 tantum
1137 677 1197 704 ca·

71 737 133 777 sus
170 737 350 785 referret,
385 738 447 777 sed
480 738 632 786 statuit,
683 737 774 785 quid
810 734 908 787 juris
944 735 1041 774 inter
1071 743 1196 784 partes

69 810 241 848 futurum
277 809 370 848 esset
417 810 490 848 hoc
532 807 646 856 casu,
693 807 720 847 fi
757 807 796 846 in
830 807 987 856 negotio
1029 806 1194 845 ineundo

72 881 251 929 quaedam
287 880 426 918 intacta
457 879 692 928 reliquissent
717 879 804 928 (1).
856 876 998 917 Verum
1030 877 1195 925 iurispe-

72 951 136 989 riti
172 950 211 989 in
236 951 390 989 Francia
415 950 622 999 praeceptis
651 948 908 996 institutisque
934 947 1194 986 Romanorum

72 1020 209 1061 imbuti
247 1021 406 1070 systema
439 1021 534 1071 juris
569 1019 852 1066 condiderunt,
878 1019 982 1066 quod
1016 1018 1131 1056 decus
1158 1022 1197 1055 et

73 1091 228 1140 gloriam
255 1089 354 1129 suam
390 1100 462 1139 pro
500 1100 631 1138 magna
662 1099 766 1139 parte
791 1088 837 1128 ab
875 1088 1027 1136 antiqua
1057 1087 1199 1125 Roma·

71 1171 209 1200 norum
248 1161 482 1210 legislatione
516 1168 724 1199 mutuatur.
792 1160 891 1198 Nam
925 1167 1121 1207 praecepta
1157 1155 1198 1195 in

70 1231 268 1270 Pandectis
302 1231 459 1269 maxime
495 1232 651 1269 collecta
695 1240 741 1269 ex
778 1228 966 1277 aequitate
1006 1238 1043 1267 et
1075 1227 1199 1266 homi·

71 1309 159 1341 num
175 1301 398 1340 conscientia
421 1300 574 1349 hausta,
604 1301 845 1340 clarissimum
875 1311 972 1349 opus
995 1297 1199 1337 effecerunt

74 1373 180 1422 quod
206 1372 349 1411 nullius
387 1368 518 1421 gentis
546 1370 731 1420 legislatio
762 1369 952 1420 superavit
989 1380 1196 1418 umquam,

74 1443 165 1491 quia
185 1444 291 1482 casus
311 1442 492 1481 recensuit
513 1441 593 1480 fere
613 1450 744 1480 omnes
772 1441 811 1479 in
829 1450 928 1489 quos
950 1440 1122 1478 homines
1143 1439 1201 1478 in-

73 1513 208 1550 cidere-
240 1511 384 1559 possint
430 1521 519 1550 cum
569 1510 843 1549 conventiones
882 1509 1004 1550 secum
1039 1509 1200 1549 invicem

75 1581 295 1630 iniverunt3
336 1590 372 1619 et
406 1582 493 1629 quia
523 1581 687 1619 breviter
725 1592 766 1619 ac
801 1580 960 1629 praecise
983 1580 1202 1630 ponderatis

71 1652 217 1698 causis,
256 1651 347 1700 quid
378 1652 475 1701 juris
516 1650 591 1699 fit,
630 1651 907 1700 definiverunt,
954 1651 1202 1700 collectisque

75 1721 394 1772 praestantissimis
430 1722 690 1771 philosophiae
722 1723 961 1771 praeceptis,
982 1721 1058 1772 Jcti
1098 1733 1198 1771 opus

74 1793 187 1833 nobis
233 1793 492 1840 reliquerunt,
555 1795 659 1841 quod
707 1793 850 1832 summo
883 1794 966 1843 jure
1013 1795 1198 1831 rationem

0 1862 1 1878 ³
63 1866 250 1916 scriptam
285 1874 502 1912 nuncupare
535 1864 636 1902 licet.
703 1863 802 1901 Vere
839 1863 953 1912 igitur
985 1864 1100 1911 ampl.
1136 1861 1200 1900 Bi-

0 1899 3 1980 Ἑ
76 1936 410 1984 got-preameneu
437 1962 468 1981 ‚‚
498 1934 600 1973 Elles
616 1933 768 1972 seraient
792 1933 880 1972 bien
899 1935 970 1972 mal
994 1933 1197 1973 entendues

79 2033 112 2055 ,‚
138 2007 193 2044 les
228 2005 468 2055 dispositions
497 2005 548 2043 du
576 2004 682 2043 Code
704 2004 792 2042 civil
815 2003 983 2042 relatives
1006 2015 1078 2042 aux
1104 2013 1198 2042 con-

2 2070 5 2107 ἶ
39 2079 47 2087 ’
80 2104 112 2126 ,,
139 2084 229 2116 trats
246 2104 260 2125 ‚
287 2075 313 2116 fi
344 2086 394 2114 on
428 2076 484 2114 les
511 2073 735 2123 envisageait
756 2082 963 2113 autrement
989 2086 1062 2122 que
1092 2086 1198 2114 com-

1078 2171 1111 2193 „
1137 2156 1196 2183 me

4 2234 8 2283 Ιι
118 2252 173 2288 (ι)
193 2252 337 2281 Weber
352 2272 362 2287 ,
384 2250 636 2287 systhematische
655 2249 909 2285 Emwieckelung
930 2257 992 2279 von
1015 2249 1070 2277 der
1093 2248 1195 2276 natut-

6 2298 7 2305 ’
77 2310 179 2340 nonen
209 2309 488 2345 verbindlichkeit,
510 2309 537 2344 ς.
559 2313 606 2339 3ο.

592 2365 673 2403 132
