1483 2860
316 189 1006 232 MATHEMATICA.
1156 207 1226 244 147

105 305 201 346 quae
234 296 445 338 constantes
478 297 693 338 arbitrariae
721 297 808 337 sunt
850 299 1223 351 integralis-eomple-

104 379 163 412 tae
190 371 249 422 1).

151 441 337 492 *Alterum
365 441 603 490 exemptum:
641 440 850 478 inveniatur
875 440 1046 488 aequatio
1077 453 1227 489 genera-

102 512 150 552 lis
177 510 475 561 superficierum,
504 522 598 558 quae
623 509 691 547 sub
718 518 822 548 recto
848 512 985 560 angulo
1012 510 1131 549 secent
1168 513 1225 550 in-

99 580 248 621 finitum
280 591 474 619 numerum
521 580 796 629 superficierum
832 582 1024 627 datarum,
1064 593 1218 628 quarum

96 650 342 701 aequationes
381 660 459 688 non
485 650 583 687 inter
613 649 649 688 se
690 649 870 688 differunt
909 650 975 689 nifi
1015 661 1219 700 parametro
1267 657 1269 659 '

95 733 152 770 a,
180 722 336 770 quaein
365 731 436 760 una
467 720 668 767 eademque
693 719 885 769 superficie
919 730 1093 768 tanquam
1129 733 1222 760 con·

101 791 200 830 stans
232 790 402 839 exsistit,
453 790 640 828 variabilis
668 802 756 828 vero
788 790 900 828 debet
934 790 1033 837 esse,
1062 803 1145 828 cum
1172 792 1217 829 ab

95 860 167 900 alia
199 862 246 898 ad
281 861 387 898 aliam
418 860 648 908 superficiem
686 869 907 899 transeatur.
957 861 1042 899 Hoc
1071 862 1221 909 proble-

98 940 159 968 ma
178 957 194 978 ,
215 929 320 978 quod
344 929 468 968 eadem
505 930 651 968 ratione
679 931 724 969 ad
748 929 960 979 superficies
994 940 1107 978 atque
1134 944 1222 980 pro·

98 999 222 1037 blema
246 1000 294 1038 de
315 1000 538 1049 trajectoriis
562 1000 877 1049 orthogonalibus
904 1002 950 1040 ad
971 1013 1105 1039 curvas
1136 1002 1220 1041 fim-

94 1068 234 1119 plicius
269 1078 490 1108 curvaturae
526 1069 597 1108 sese
627 1072 763 1119 habet,
804 1072 875 1109 hoc
899 1072 1012 1110 modo
1045 1072 1217 1112 solvitur.

99 1140 186 1179 Sint
224 1153 277 1188 x,
313 1151 366 1189 gy,
400 1152 424 1177 z
458 1141 698 1180 coordinat-ae
734 1143 965 1191 rectangulae
1011 1141 1219 1191 superficie-

98 1221 212 1259 rum,
239 1222 334 1258 quae
363 1210 536 1249 secandae
573 1220 847 1260 proponantur.
903 1212 1047 1250 Harum
1082 1225 1217 1260 aequa-

96 1280 152 1320 tio
177 1290 239 1320 est
265 1293 331 1329 per
358 1280 582 1330 hypothesin
612 1281 786 1329 aequatio
815 1281 918 1319 finita
941 1282 1037 1319 inter
1060 1293 1112 1329 x,
1129 1299 1172 1331 y,
1195 1297 1216 1322 z

96 1359 134 1391 et
157 1363 198 1391 a.
251 1349 414 1401 Quando
449 1351 564 1400 igitur
599 1351 688 1389 haec
727 1351 902 1399 aequatio
946 1350 1216 1391 differentiatur

95 1421 304 1471 quantitate
337 1435 362 1460 a
401 1429 574 1468 tanquam
609 1421 683 1459 sola
716 1419 885 1458 variabili
921 1420 1148 1460 considerata
1181 1432 1217 1460 et

95 1491 230 1530 deinde
271 1491 368 1529 inter
405 1492 660 1538 aequationem
701 1492 796 1528 hanc
833 1491 1140 1539 differentiatem,
1179 1500 1216 1530 et

98 1561 355 1610 aequationem
388 1560 499 1609 ipsam
535 1574 559 1599 α
587 1561 825 1608 eliminatur,
852 1560 995 1598 exfistit
1025 1561 1225 1609 aequatio,

97 1631 208 1681 cujus
240 1631 360 1668 forma
404 1639 462 1668 est
501 1630 552 1669 dz
579 1646 632 1670 =
650 1630 726 1681 pdx
746 1639 790 1676 ÷
810 1631 881 1682 qdy
903 1631 940 1668 in
966 1642 1038 1678 qua
1059 1642 1086 1682 p
1121 1641 1155 1670 et
1191 1647 1214 1682 q

96 1698 367 1749 repraesentant
393 1699 608 1739 functiones
635 1702 738 1740 datas
764 1702 1013 1749 quantitatum
1039 1714 1086 1749 x,
1112 1714 1213 1749 y‚z.

100 1771 203 1811 Haec
254 1771 429 1817 aequatio
479 1771 639 1820 pertinet
690 1772 734 1810 ad
791 1782 919 1810 omnes
963 1771 1174 1820 superficies
1199 1801 1212 1819 ,

100 1852 195 1888 quae
229 1839 399 1878 secan-<iae
419 1828 697 1889 proponantur.
734 1840 921 1879 ponamus
953 1842 1210 1887 aequationem

96 1908 371 1958 superficierum
389 1938 403 1957 ‚
468 1922 563 1958 quae
609 1904 729 1948 secant
746 1938 758 1956 ,
815 1909 1096 1949 differentiatam
1136 1911 1211 1949 esse

96 1979 228 2018 dz=
257 1980 414 2020 de÷
429 1979 535 2030 Qd,
578 1980 617 2018 Si
634 1980 870 2028 designentur
899 1993 964 2029 per
990 1983 1055 2028 κ’,
1080 1984 1147 2031 y,
1173 1982 1209 2020 z‘

97 2049 333 2111 coordinatae
362 2051 493 2099 puncti
520 2052 784 2101 cujuscunque
810 2053 848 2088 in
881 2051 996 2100 spatio
1032 2052 1114 2099 sui,
1152 2061 1208 2089 cst

1157 2134 1214 2160 ae-

138 2242 263 2281 1)·Vid.
286 2244 391 2272 Nouv.
417 2242 515 2272 mem·
533 2243 569 2271 de
594 2243 673 2272 Boi-L
700 2248 783 2285 1774.
808 2251 838 2280 p,
864 2253 929 2282 243·
