1560 2860
1166 208 1262 239 'XXI

203 308 502 352 'Anatomiam
534 315 847 361 comparatam
876 311 1061 353 tradere
1091 318 1261 366 perget

146 384 230 432 Th.
257 386 311 430 G.
338 395 429 428 VAN
456 384 643 428 LIDTH
667 395 727 428 DE
756 384 946 430 JEUDE
960 417 972 438 ‚
988 384 1054 430 die
1078 387 1260 440 saturni,

142 461 251 506 hora
280 462 360 508 XI.

197 538 563 594 Mineralogiam'
599 547 644 580 et
703 539 969 595 Geologiam
1016 540 1071 583 N.
1110 539 1159 583 C.
1198 550 1258 582 ΒΕ

63 627 67 630 ’
141 614 447 667 FREMERY,
477 613 622 658 dicbus
648 614 754 672 jovis
780 623 821 659 et
835 613 1156 668 {veneris5h0r5
1176 616 1263 660 XI.

200 692 514 736 oeconomiam
570 696 777 736 ruralem
815 694 856 737 J.
891 694 1063 747 KOPS,
1109 692 1256 737 diebus

92 773 97 779 '
139 767 283 822 lunae,
313 767 509 813 mercurii
533 775 573 813 et
597 768 730 826 jovis,
761 768 866 814 hora
895 771 928 816 1.
955 766 1256 824 saturni,'lio-

135 859 186 888 ra
213 845 323 889 XII.
1254 846 1261 854 ⁸

198 923 438 977 Chymiam
469 922 646 966 artibus
683 923 934 967 adhibitam
956 925 1003 967 Ρ.
1034 923 1076 969 J.
1120 924 1152 968 I.
1192 935 1252 967 DE

135 998 412 1042 FREMERY
427 1029 440 1052 ,
480 996 626 1041 diebus
665 1004 706 1041 et
742 997 860 1043 horis
897 999 1094 1059 deinceps
1136 997 1260 1044 indi-

138 1073 298 1117 candis.
388 1076 390 1079 ’
542 1076 545 1078 ’

192 1149 274 1204 lis,
304 1148 377 1206 qui
401 1147 665 1193 instituendis
703 1150 1021 1208 operationibus
1052 1151 1257 1211 chymicis·

133 1240 308 1286 operam
349 1225 452 1269 dare
490 1225 688 1284 cupiunt,
729 1226 912 1285 praeerit
954 1229 1004 1272 P.
1035 1229 1079 1272 J.
1109 1230 1147 1273 I.
1191 1239 1255 1276 ΒΕ

132 1302 429 1357 ΡΒΕΜΕΒῩ,
458 1301 524 1346 die
553 1302 715 1346 saturni
749 1303 813 1348 vel
849 1303 957 1359 alio,
987 1302 1094 1348 hora
1132 1318 1255 1350 com-

132 1380 274 1426 moda.

186 1455 442 1516 Disputandi
470 1455 860 1512 exercitationibus,
896 1458 963 1504 die
988 1459 1149 1504 saturni
1167 1459 1251 1505 ho·-

130 1548 182 1579 ra
210 1534 259 1588 I,
299 1533 533 1577 alternatim
560 1545 789 1591 praeerunt
812 1535 1080 1581 Professores
1099 1536 1143 1580 in
1161 1535 1256 1583 Fa-·.

134 1611 285 1656 cultate
314 1609 555 1654 Matheseos
591 1617 630 1653 et
669 1610 980 1677 Philosophiae⁸
1013 1612 1248 1668 Naturalis,

132 1685 279 1745 singuli
302 1686 346 1730 in
371 1685 563 1745 partibus
591 1686 673 1731 sibi
705 1687 982 1734 demandatis.
1215 1704 1219 1711 ·

181 1931 236 1974 G.
266 1929 425 1974 DORN
466 1929 715 1974 SEIFFEN
728 1962 741 1984 ,
773 1932 864 1976 Lit.
888 1935 1095 1978 Human.
1138 1935 1252 1979 Lec-

53 2042 59 2049 .
131 2017 204 2050 tor
219 2038 232 2061 ‚
276 2007 422 2051 diebus
441 2007 563 2051 lunae
586 2014 627 2051 et
646 2007 752 2064 jovis
777 2008 884 2053 hora
905 2010 968 2064 V,
1002 2007 1254 2057 Gramina-z

132 2087 269 2127 ticam
306 2086 528 2129 Graecam
569 2092 783 2142 exponet3
815 2086 962 2131 iisdem
989 2087 1139 2132 diebus
1164 2088 1250 2132 ho·-

130 2162 286 2214 raV1.,
317 2169 387 2206 aut
430 2160 534 2214 alia,
582 2160 846 2207 auditoribus
881 2164 1014 2221 magis
1051 2177 1246 2208 commo-

133 2238 214 2293 da,
245 2242 297 2281 de
340 2242 567 2296 rhytmica
610 2242 808 2293 ratione,
841 2248 934 2284 tam
969 2243 1012 2284 in
1044 2242 1248 2285 Graeco·-

1112 2334 1215 2361 rum
1229 2331 1250 2373 ,¹
