1483 2860
214 202 259 251 38
436 192 1110 238 COMMENTATIO

216 309 256 347 in
286 308 394 346 finem
430 307 543 355 igitur
574 306 726 344 Praetor
761 303 799 341 in
828 303 930 343 Albo
956 301 1050 350 suo,
1077 301 1214 351 cuique
1238 311 1334 340 con-

217 378 351 417 tractui
378 376 476 415 suam
500 375 690 425 specialem
715 374 872 413 aetionis
902 372 1099 412 formulam
1132 372 1337 422 praescrip-

218 446 285 495 fit,
327 459 420 496 quae
452 454 488 484 et
521 444 865 483 determinationem
896 453 932 482 et
957 454 1094 481 nomen
1121 431 1362 481 contractus,⁴

220 517 463 566 exprimeret:
493 528 531 553 v.
553 527 610 564 gr.
640 516 699 564 ajo
720 524 755 553 te
776 515 868 552 mihi
888 524 1034 555 centum
1047 513 1220 565 depofiti,
1246 524 1341 551 com-

221 586 392 633 medati,
445 589 568 623 mutui
595 584 689 623 dare
722 593 889 633 oportere
927 584 1012 635 (Ι).
1077 583 1117 622 Si
1151 583 1267 632 igitur
1301 583 1342 620 in

222 655 325 695 Albo
355 655 538 694 Praetoris
573 653 734 693 formula
764 655 864 692 haud
899 654 1159 701 inveniretur,
1214 653 1344 691 nullus

222 725 346 764 aderat
379 734 611 764 contractus.
647 748 700 755 —
733 726 832 764 Cum
870 736 961 763 vero
993 724 1137 773 saepius
1174 723 1345 762 incidunt

223 796 395 844 negotia,
438 795 576 844 quibus
614 795 653 833 in
687 796 788 835 Albo
820 794 1006 834 Praetoris
1045 806 1123 832 non
1153 795 1261 832 datur
1288 804 1348 831 ac-

223 864 304 912 tio,
346 877 439 913 quae
472 873 593 903 tamen
633 876 653 902 a
692 873 795 913 parte
832 865 944 903 unius
979 864 1247 913 paciscentium
1264 864 1345 913 *jam

225 935 389 984 perfecta
438 935 544 982 sunt,
599 944 634 973 et
679 935 729 973 ita
780 935 949 983 proxime
994 935 1040 972 ad
1087 942 1347 972 contractuum

228 1005 380 1043 realium
419 1007 600 1043 accedunt
638 1014 830 1052 naturam,
871 1015 989 1043 certas
1025 1004 1201 1051 quasdam
1233 1003 1352 1041 actio-

229 1085 319 1113 num
357 1073 566 1122 formulas,
605 1074 754 1124 speciali
784 1076 935 1113 nomine
970 1083 1161 1122 carentes,
1201 1082 1352 1113 naturae

230 1156 321 1184 vero
367 1146 496 1184 harum
541 1147 834 1184 conventionum
885 1145 1056 1195 proprias
1100 1145 1350 1191 invenerunt3

232 1214 311 1254 scil.
338 1215 384 1254 do
407 1227 449 1256 ut
473 1216 560 1265 des,
587 1217 632 1255 do
657 1227 699 1255 ut
713 1217 870 1266 facias„
888 1218 996 1266 facio
1028 1226 1070 1254 ut
1104 1215 1164 1253 des
1189 1224 1226 1252 et
1245 1215 1354 1264 facio

234 1295 278 1325 ut
311 1287 458 1337 facias.
535 1287 725 1326 Dicuntur
762 1287 800 1324 hi
841 1295 1058 1325 contractus
1099 1284 1354 1331 innominati,

239 1383 263 1404 „
289 1367 449 1403 quorum
468 1356 519 1404 ‚’'
545 1357 600 1394 uti
631 1357 682 1395 ait
695 1357 894 1407 Julianus,
927 1385 949 1403 „
975 1355 1243 1404 appellationes
1273 1356 1357 1392 nul-

241 1454 266 1475 „
291 1427 348 1464 lae
369 1428 452 1476 Jure
478 1427 581 1465 civili
614 1427 783 1476 proditae
815 1425 913 1465 sunt.
931 1426 957 1442 ’⁷
985 1426 1054 1475 (α)
1107 1425 1272 1473 Singulis
1298 1424 1357 1462 his

236 1496 400 1545 negotiis
439 1498 630 1545 propriam
674 1497 834 1535 actionis
876 1496 1073 1534 formulam
1123 1496 1357 1542 concedere,

237 1566 338 1604 haud
371 1566 511 1605 finebat
543 1567 783 1615 negotiorum
817 1578 1021 1614 numerus3
1057 1566 1218 1614 ideoque
1251 1577 1374 1615 gene->

237 1637 350 1674 ralem
387 1639 566 1675 actionem
602 1639 642 1674 in
668 1638 821 1685 factum
859 1635 1166 1686 praescriplerunt
1186 1665 1199 1684 ,
1250 1637 1360 1686 cujus

240 1704 437 1744 formulam
470 1707 597 1755 prouti
628 1708 821 1756 negotium
857 1701 950 1745 esset
984 1707 1119 1746 initum
1152 1708 1212 1745 vel
1246 1719 1362 1755 expo-

242 1774 376 1824 fitum‚
405 1778 692 1826 proponebant,
723 1779 818 1816 unde
850 1779 958 1816 etiam
985 1779 1124 1816 dicitur
1150 1777 1365 1829 praescrip-

244 1851 293 1891 tis
326 1848 462 1886 verbis.
518 1849 637 1887 Simul
670 1861 710 1887 ac
739 1861 829 1887 vero
862 1849 1055 1898 negotium
1090 1849 1129 1886 in
1165 1848 1365 1900 nominatis

245 1918 500 1956 contractibus
539 1919 748 1968 perstatim
784 1929 869 1966 est,
909 1919 1127 1957 conceditur
1163 1919 1288 1966 actio,
1326 1919 1366 1958 in

247 1986 487 2026 innominatis
531 2001 621 2026 vero
669 1990 920 2038 poenitentiae
964 1991 1072 2027 locus
1109 1998 1164 2028 est
1203 2002 1224 2028 a
1264 2000 1369 2038 parte

249 2058 329 2108 ejus
358 2058 423 2106 qui
461 2056 592 2106 dedit,
628 2068 664 2097 et
696 2059 832 2108 eligere
862 2069 990 2108 potest
1025 2068 1150 2099 utrum
1185 2056 1413 2098 actionem.
1463 2048 1465 2050 ’

1266 2140 1371 2179 prae-

292 2226 346 2263 (1)
367 2226 439 2256 vid.
460 2228 609 2256 Gliiek.
634 2229 654 2256 1.
678 2229 700 2255 1.
723 2228 813 2255 Tom.
835 2228 887 2257 1v.
909 2230 942 2256 P.
964 2227 988 2255 1.
1011 2227 1038 2263 S.
1060 2230 1130 2263 308.
1153 2234 1185 2262 p.
1208 2233 1275 2261 232.

290 2284 344 2322 (ε)
365 2286 399 2314 L.
424 2294 450 2321 3.
473 2285 504 2314 ff.
528 2286 564 2314 de
586 2285 718 2321 praefer.
741 2282 855 2313 verbis.
