1560 2860
1148 256 1248 295 xm

133 370 344 414 Gentium
380 369 764 414 Germanicarum
802 379 1028 425 aetatem,
1068 371 1120 416 A.
1161 370 1245 417 SI·-

130 446 317 500 MONS,
352 447 394 492 d.
417 447 563 491 martis
589 454 631 491 et
647 438 834 501 veneris,
865 448 972 492 hora
993 447 1066 493 IV.

180 527 445 581 Praecepta
486 527 599 580 styli
637 526 742 568 bene
782 527 966 582 Belgici
1002 524 1143 569 tradet
1177 524 1230 571 A.

127 599 344 644 SIMONS
361 631 374 654 ‚
404 600 445 644 d.
473 599 620 645 martis
645 599 754 644 hora
777 599 872 644 XII.
906 599 1126 655 mercurii,
1158 599 1246 644 hoa

127 678 176 720 ra
201 677 273 721 XI.
300 677 432 734 jovis,
463 677 569 721 hora
598 677 667 722 IV.
696 685 736 722 et
757 676 943 731 veneris,
973 677 1080 722 hora
1100 676 1186 723 XI.

185 755 469 810 Disputandi
503 753 896 807 exercitationibus,
922 769 1116 800 sermone
1129 754 1259 813 Belga

128 830 338 889 praeerit,
380 830 549 875 alternis
590 830 958 886 hebdomadibus,
1008 831 1076 877 die
1114 831 1247 891 jovis,

132 907 241 951 ho1a
268 907 339 952 IV.
365 908 418 951 A.
449 907 681 953 SIMONS.

190 986 254 1027 Dz
240 987 475 1040 ispatandi
503 983 869 1029 exercitationibus
908 992 1154 1043 praeerunt,
1185 985 1252 1029 ai·-

134 1060 263 1104 ternis
291 1059 653 1114 hebdomadibus,
692 1060 759 1104 die
788 1060 947 1105 saturni
977 1061 1085 1105 hora
1113 1061 1146 1106 I.
1187 1061 1254 1105 al·-

134 1135 329 1180 ternatim
371 1137 457 1180 PH.
492 1136 544 1181 G.
573 1150 679 1180 VAN
709 1135 949 1181 HEUSDE
994 1145 1036 1182 et
1063 1138 1117 1184 A.
1146 1146 1253 1183 vAR

138 1211 526 1258 GOUDOEVER.

139 1365 190 1409 In
230 1366 580 1412 FACULTATE
624 1363 980 1411 MATHESEOS
1020 1378 1084 1410 ΕΤ
1125 1366 1261 1412 ΡΗΙ.-.·

334 1443 665 1488 LOSOPHIAE
698 1443 1032 1488 NATURALIS
1045 1475 1059 1498 ‚

603 1519 815 1564 docebunt

198 1676 442 1717 Elementa
467 1671 723 1714 Matkeseos
742 1671 784 1714 J.
798 1671 848 1713 F.
865 1669 913 1714 L.
930 1657 1260 1725 SCHRO'DER,

141 1751 183 1796 d.
198 1749 344 1793 martis
357 1781 370 1803 ,
384 1746 580 1792 mercurii
592 1779 604 1800 ‚
618 1746 724 1803 jovis
751 1753 791 1790 et
805 1746 991 1800 veneris,
1012 1746 1120 1791 hora
1132 1747 1258 1792 VIII.

202 1829 436 1883 Physicae
462 1826 817 1868 Mathematicae
836 1827 1056 1866 elementa
1070 1855 1081 1877 ‚
1096 1825 1135 1868 J.
1147 1824 1196 1867 F.
1212 1823 1262 1869 L·

146 1891 485 1955 SCHR'ODER,
516 1900 663 1944 diebus
685 1899 881 1944 mercurii
905 1907 946 1945 et
973 1897 1157 1953 saturni,
1177 1897 1263 1943 hoa·

146 1995 195 2024 ra
222 1980 302 2025 XI.

77 2061 83 2068 '
209 2055 582 2099 Stereometriam
646 2062 784 2111 atque
841 2053 1263 2110 Trigonometriam

150 2134 476 2190 Sphaericam,
530 2132 761 2174 adhibitas
810 2134 874 2174 ad
917 2130 1264 2186 Geograpkiam

151 2210 532 2252 Mathematicam
572 2216 617 2251 et
660 2209 1006 2252 Astronomiam
1045 2206 1085 2249 J.
1124 2206 1173 2250 F.
1210 2206 1262 2251 L.

151 2283 494 2340 scflssODER,
531 2282 598 2328 die
633 2283 754 2327 lunae
797 2289 923 2339 atque
964 2280 1150 2336 saturni,
1179 2279 1266 2324 ho-

151 2375 202 2407 ra
229 2360 348 2407 VIII.
774 2378 778 2383 ·

648 2437 778 2478 *νεα
1173 2427 1268 2495 Lq„
