1560 2860
293 276 351 321 24
652 275 1050 322 ORATIO.

291 417 418 462 fuisse
447 423 487 460 et
516 430 626 461 nunc
655 432 744 461 esse
783 415 895 459 haud
922 429 1102 474 paucos,
1135 417 1204 471 qui
1234 414 1403 464 nomina

295 495 465 552 quidem
493 496 588 536 Dei
606 526 618 547 ,
661 495 933 546 creationis,
965 497 1186 536 mentium
1215 480 1407 538 immor-

296 574 496 615 talitatis
536 570 698 626 aliaque
737 569 974 626 relinquant
1010 578 1050 615 et
1091 572 1242 615 crebro
1281 584 1408 616 usur-

292 654 423 708 pent,
454 646 529 691 sed
556 651 647 689 eam
682 646 733 689 iis
763 646 1010 690 sententiam
1041 646 1332 700 substernant,
1362 657 1409 693 ut

295 738 446 768 vocum
469 723 641 766 umbras
671 729 711 766 et
740 722 959 767 simulacra
975 738 1111 768 rerum
1127 724 1289 768 veritati
1304 727 1409 769 sub-

297 802 468 846 stituere
489 801 590 844 velle
612 799 830 855 videantur
846 801 869 843 '?
900 799 1089 857 Quorum
1128 800 1212 844 sive
1240 800 1412 860 argutiis

297 893 371 923 seu
414 876 586 920 fallaciis
614 891 720 920 *cum
761 875 828 919 alii
870 877 989 920 facile
1032 877 1274 935 capiantur,
1324 894 1411 922 non

298 954 398 1001 item
421 953 630 998 irretietur
661 952 871 997 Historiae
898 953 1139 1011 discipulus.
1157 980 1213 988 --
1228 955 1296 997 Ad
1313 954 1416 1013 phi-

300 1029 552 1088 losophandi
589 1036 728 1072 autem
756 1029 1032 1072 constantiam
1065 1037 1104 1073 et
1130 1030 1416 1075 fortitudinem

301 1106 586 1152 efficacissime
615 1105 839 1164 impulsum
882 1119 972 1149 sese
999 1106 1147 1149 sentiet
1173 1106 1284 1150 idem
1301 1140 1314 1160 ,
1345 1109 1416 1153 ubi

305 1184 494 1242 exempla
521 1182 771 1242 spectaverit
797 1195 1045 1239 magnorum
1073 1182 1294 1237 Virorum,
1321 1186 1416 1241 qui,

307 1259 557 1304 difficillimis
606 1258 789 1302 viventes
837 1258 1096 1317 temporibus
1114 1291 1125 1311 ,
1168 1261 1421 1317 gravissimis

309 1335 489 1396 expositi
516 1334 665 1394 capitis
691 1334 911 1393 periculis,
943 1349 1020 1379 nec
1046 1325 1193 1389 minis,
1219 1352 1296 1382 nec
1323 1353 1423 1382 car-

308 1426 426 1465 cere,
457 1425 535 1456 nec
565 1411 671 1455 vitae
703 1410 941 1456 discrimine
963 1427 987 1455 a
1010 1427 1110 1457 vero
1133 1413 1422 1473 investigando

312 1489 636 1533 deterrerentur.
680 1487 805 1545 Quali
834 1490 1172 1547 magnanimitate
1204 1506 1297 1536 cum
1319 1492 1425 1537 alios

313 1565 431 1611 vario
467 1573 656 1623 tempore
691 1564 841 1618 fuisse,
875 1568 1019 1609 nostra
1055 1567 1231 1612 docente
1264 1569 1428 1627 Magis-

312 1650 406 1696 tra,
438 1641 748 1700 comperimus,
794 1649 880 1684 tum
923 1642 1185 1700 potissimum
1216 1646 1429 1688 Scholas-

316 1723 430 1762 ticos
472 1718 703 1775 quosdam,
747 1718 819 1774 qui
856 1726 1056 1776 regnante
1086 1719 1284 1764 barbarie
1314 1721 1432 1765 vive-

318 1803 437 1849 rent,
482 1803 522 1840 et
561 1798 709 1838 Italos
756 1795 1004 1848 nonnullos,
1050 1795 1121 1852 qui
1158 1796 1292 1855 ipsius
1331 1799 1431 1856 jugo

316 1872 485 1917 vixdum
544 1870 775 1928 aequalium
833 1870 948 1914 collis
1003 1871 1245 1926 subtracto,
1302 1875 1434 1918 ssore-

319 1956 425 1993 rent.
446 1947 552 2004 (21)
568 1979 623 1987 -..
649 1947 762 2004 Quid
791 1947 903 2003 quod
928 1947 1070 1991 cadem
1097 1947 1272 1992 instituti
1288 1950 1434 1994 schola

322 2026 556 2076 discamus,
588 2024 818 2067 acerrimos
844 2024 966 2066 etiam
993 2024 1292 2084 Philosophiae
1322 2041 1432 2070 con-

321 2108 552 2160 temptores
569 2132 580 2151 ‚
612 2099 683 2156 qui
711 2114 760 2143 ex
787 2099 1021 2157 Theologia
1049 2109 1160 2145 certe
1184 2102 1290 2146 illius
1315 2119 1436 2148 usum

321 2179 446 2238 plane
474 2176 824 2235 proscribendum
865 2185 1084 2235 putarent,
1128 2179 1215 2234 ejus
1244 2179 1438 2224 auxilium

325 2255 380 2299 ad
405 2254 652 2298 refellendos
676 2253 939 2297 adversarios
969 2253 1164 2298 invocare
1193 2270 1277 2299 non
1310 2257 1439 2300 dubi-

327 2333 472 2385 tasse,
514 2330 727 2389 ipsiusque
770 2330 876 2374 adeo
910 2332 1037 2389 opera
1075 2346 1119 2375 se
1148 2346 1291 2377 carere
1327 2333 1440 2376 haud

1333 2423 1442 2468 pos-
