1483 2860
386 239 900 282 Lr’rERARrA.
1145 250 1200 294 79

79 353 195 405 bique
218 361 284 401 per
321 360 387 390 eos
426 349 525 397 viam
549 361 676 400 parare
701 357 839 391 conata
874 357 931 391 est
945 376 962 398 ‚
998 360 1086 398 pars
1113 349 1195 395 avi-

80 422 140 472 dis
166 421 322 461 flammis
350 428 494 469 arrepta
516 428 632 469 atque
655 421 855 459 combusta
881 428 960 468 est,
988 431 1074 469 pars
1098 419 1203 458 deni·

82 501 158 542 que
183 489 229 529 ab
264 488 440 530 hostibus
479 497 589 539 capta
620 497 674 528 et.
699 498 853 528 cruenta
895 499 987 528 nece
1025 487 1202 529 interfec-

82 568 120 599 ta
155 568 228 599 est.

132 629 189 669 Ita
223 629 311 669 dum
343 628 581 678 certabatur,
632 629 863 669 Calvinistae
901 628 1129 678 Antverpiae
1158 629 1207 670 de

82 699 282 751 moenibus
320 710 362 738 ea
409 699 536 739 omnia
572 699 815 749 adspicientes
836 727 851 747 ,
899 699 1208 739 Tholousio

85 781 196 820 opem
222 768 327 820 ‘ferre
357 771 576 809 voluerunt.
628 769 757 809 Armis
790 768 1003 819 correptis,
1032 777 1209 818 portam,

88 851 185 891 quae
212 839 496 880 Austerveuiarn
528 839 655 880 versus
702 839 889 888 ducebat,
933 839 1058 888 egredi
1100 850 1214 886 cona,-

91 908 246 959 bantur.
300 909 408 949 Hanc
436 918 559 949 tamen
585 909 787 949 obsesserat
819 909 1082 950 Gulielmi
1107 920 1216 958 prae,-

93 978 223 1032 fidium
242 1008 257 1029 a
284 991 353 1018 nec
384 991 610 1029 quemquam
655 980 754 1018 exire
779 978 927 1028 passum
962 987 1035 1019 est.
1087 977 1218 1022 Calvi,-

93 1050 214 1100 nistae
238 1049 450 1099 quindecim
474 1050 588 1088 millia
611 1061 767 1089 numero
778 1049 817 1088 in
828 1049 955 1088 Merio
967 1057 1110 1099 ponte,
1127 1059 1219 1097 qua-

94 1127 184 1158 tuor
203 1120 316 1158 millia
329 1131 485 1158 numero
515 1120 554 1158 in
568 1119 859 1168 Coperbruggio
879 1119 1095 1167 congregati
1118 1117 1219 1158 sunt.

96 1189 345 1240 Magistratus
371 1191 506 1228 tImore
541 1189 733 1238 perculsus
761 1189 1083 1229 Gulielmum
1112 1188 1218 1228 adiit.

98 1258 175 1300 Hic
198 1272 284 1299 curn
312 1260 422 1308 Stra
436 1261 449 1299 1
463 1260 475 1298 i
490 1271 514 1298 o
529 1258 683 1299 consule
702 1259 749 1297 iis
763 1287 777 1307 ‚
794 1259 861 1308 qui
884 1260 930 1299 ad
939 1258 1104 1298 Merium
1129 1269 1226 1308 pon-

96 1338 449 1376 temconvenerant
468 1330 618 1372 obviam
645 1330 750 1368 venit
775 1342 817 1368 ac
860 1329 1089 1369 vociferatus
1137 1337 1222 1369 est:

101 1425 134 1448 „
163 1399 269 1450 Quid
300 1400 374 1438 viri
402 1399 696 1448 Antverpienses
735 1399 826 1438 haec
853 1399 921 1439 fibi
955 1401 1040 1439 vult
1064 1399 1229 1449 repenti-

73 1453 205 1519 *„*na
234 1470 515 1508 consternatio?
554 1469 644 1521 Quo
677 1469 789 1508 ruitis
826 1469 984 1509 armati?
1019 1469 1124 1520 Quid
1159 1481 1230 1508 vo-

107 1567 133 1587 „
158 1538 217 1577 bis
243 1540 361 1578 vultis
380 1539 399 1576 *ἓ
424 1539 577 1589 Quibus
614 1539 686 1578 ista
705 1539 907 1578 secessione
945 1539 1128 1578 excidium
1155 1552 1232 1579 ma-

109 1636 137 1659 „
161 1607 394 1648 chinamini‘?
413 1609 455 1647 Si
478 1609 564 1657 quis
590 1609 750 1659 injurius
777 1619 834 1648 est
847 1609 960 1648 vobis
974 1612 1168 1658 ,accedam
1186 1611 1233 1650 ad

115 1706 141 1727 „
167 1688 291 1728 partes
307 1706 320 1725 ‚
349 1677 410 1717 sed
426 1687 512 1716 ante
527 1678 651 1717 omnia
673 1679 876 1727 intelligam
891 1707 905 1727 ‚
934 1680 974 1718 in
997 1690 1095 1728 quos
1124 1691 1236 1730 erup·-

115 1777 140 1799 „
165 1758 273 1788 turus
315 1749 360 1788 fit
400 1748 462 1787 ille
492 1749 684 1797 impetus,
736 1758 865 1788 utrum
902 1749 942 1788 in
990 1751 1123 1788 hostes
1156 1760 1234 1799 an,

116 1846 143 1867 „
170 1820 274 1868 quod
303 1819 496 1867 detestor,
522 1818 561 1857 in
593 1819 739 1858 cives?

166 1888 292 1927 Nemo
323 1899 455 1927 eorum
491 1889 536 1927 ad
565 1889 653 1927 haec
680 1888 907 1938 respondere
929 1888 1103 1937 audebau
1131 1890 1240 1929 Mul-

111 1957 269 2009 tifariam
311 1968 454 1997 tantum
500 1970 630 1997 omnes
677 1958 898 1997 clamabant.
980 1985 1012 2006 ‚‚
1052 1958 1095 1997 Si
1135 1960 1239 1999 nulla

123 2054 148 2076 „
173 2028 244 2067 alia
265 2041 324 2067 res
345 2049 400 2061 -—-
425 2029 586 2077 perrexit
611 2028 736 2069 Guli
751 2030 979 2067 elmus—
1003 2029 1241 2069 concordiam

122 2124 148 2145 „
173 2108 334 2137 vestram
385 2098 542 2138 offendit
566 2127 580 2146 ‚
644 2110 833 2138 armorum
868 2099 1110 2138 contentione
1164 2110 1244 2139 non

122 2194 149 2215 ,‚
173 2176 234 2207 est
266 2179 379 2218 opus.
433 2169 641 2208 Continete
681 2180 814 2207 manus
850 2181 872 2207 a
898 2169 1003 2208 civili
1040 2169 1244 2220 sanguine,

122 2264 150 2286 „
175 2248 244 2275 nec
280 2238 319 2276 in
352 2238 494 2277 viscera
533 2247 657 2277 vestra
695 2228 903 2280 armamini.
955 2241 1090 2280 Parum
1129 2240 1245 2281 inter-

128 2329 154 2353 „
178 2314 263 2354 est,
292 2315 418 2346 utrum
456 2319 557 2356 vos,
595 2319 642 2346 an
676 2307 893 2349 illisorum.
925 2309 1119 2352 insideant.
1170 2310 1251 2349 Mi-

1149 2407 1175 2428 „
1200 2379 1246 2418 li-
