1560 2860
328 307 375 344 86
667 304 975 343 ΛΝΝοτΛτΛ
1032 314 1098 342 An

329 414 365 453 R
379 423 468 453 ooz
483 414 603 453 eboo
617 423 650 450 m
666 439 680 461 ‚
709 414 746 452 in
769 413 873 464 Spec.
901 412 1032 462 philos.
1059 413 1190 457 inaug.
1217 407 1260 447 dc
1290 407 1444 447 Idealc's-

328 494 410 530 mo,
439 483 680 532 (Hardervic.
710 483 830 531 1308)
856 494 896 530 p.
927 485 972 520 81
1003 492 1089 529 sqq.
1108 508 1120 528 ,
1150 479 1213 518 ubi
1239 480 1362 528 plures
1385 478 1444 517 alii

330 562 507 591 citantur.

376 689 460 738 Pag
489 690 549 727 16.
578 687 672 738 (12)
699 687 756 726 De
782 686 1015 726 Bardilio
1039 687 1171 736 legisse
1197 685 1352 724 sufficiet
1394 685 1445 724 E.

326 759 611 798 Reinhold:
650 756 860 796 Handbuch
898 756 966 795 der
1000 757 1095 806 allg.
1134 755 1348 794 Geschich-te
1381 753 1451 793 der

328 829 586 880 Philosophia,
614 826 666 866 T.
696 827 744 866 II.
773 827 817 865 Ρ.
857 840 895 866 2.
924 839 964 875 p.
995 827 1068 874 165
1100 837 1216 873 sqq.;
1244 825 1351 873 cujus
1387 835 1452 872 pa-

327 909 383 938 ter
418 899 466 937 K.
494 898 545 937 L.
574 897 762 936 Reinhold
787 896 1008 945 placitorum
1044 894 1334 933 Bardilianorum
1368 903 1449 932 stu-

327 967 564 1005 diosissimus
587 966 809 1013 aliquamdiu
844 965 1070 1013 Hypopheta
1093 964 1226 1003 fuerat.
1277 963 1367 1013 Quo
1393 964 1451 1001 lu-

330 1038 478 1075 bentius
504 1037 606 1074 illum
642 1046 727 1082 prae
753 1034 904 1072 caeteris
928 1034 1099 1081 laudavi3
1130 1033 1166 1071 in
1195 1044 1304 1081 quem
1339 1032 1448 1071 nimi·

329 1118 411 1145 rum
438 1107 538 1145 nulla
576 1104 782 1152 iniquitatis
807 1104 845 1142 in
883 1103 1080 1141 Bardilium
1112 1103 1277 1151 suspicio
1315 1113 1452 1141 conve·

328 1180 419 1219 niat.
475 1178 546 1216 Hic
567 1185 687 1215 autem
714 1186 824 1223 quam
857 1185 940 1213 acer
971 1173 1081 1212 fuerit
1113 1173 1266 1212 rationis
1303 1173 1451 1211 Kantia-

332 1260 400 1288 nae
425 1248 681 1293 adversarius,
711 1246 801 1285 satis
837 1256 880 1283 ex
905 1245 984 1293 ipsa
1011 1243 1184 1282 elucescit
1205 1242 1448 1291 inscriptione

332 1319 417 1357 libri
437 1346 451 1365 ‚
475 1329 611 1366 quem,
640 1327 716 1355 non
734 1315 845 1354 nimis
867 1317 1058 1362 modeste,
1085 1315 1199 1352 dixit:
1229 1312 1447 1355 Grundrisz

331 1389 402 1428 der
422 1397 544 1426 ersten
569 1387 690 1437 Logik
704 1414 717 1434 ,
740 1387 927 1437 geret'nigt
945 1397 1014 1422 νοη
1034 1383 1103 1422 (len
1122 1384 1363 1423 Irrthzimern
1384 1382 1451 1421 der

333 1459 538 1508 bisheriger
562 1457 728 1507 Logiken
754 1456 962 1506 iiberhaupt
983 1483 997 1503 ‚
1024 1454 1090 1492 der
1116 1454 1344 1492 Kantischen
1373 1455 1450 1491 im-

331 1527 524 1567 besomlerc
536 1543 552 1578 ‚·
565 1528 668 1565 keine
683 1526 815 1564 Kritik
830 1553 843 1572 ,
856 1524 1012 1565 sondern
1035 1527 1114 1563 eine
1139 1524 1328 1563 Medicina
1349 1534 1451 1563 men·

334 1601 382 1637 tis
406 1599 483 1641 &aa
506 1598 650 1648 Stuttg.
690 1599 801 1635 1800.

385 1734 483 1785 Pag.
516 1737 577 1774 18.
603 1732 697 1783 (13)
711 1734 769 1772 Ex
782 1740 1017 1781 propugnato
1030 1730 1208 1777 subinde,
1223 1729 1260 1767 in
1274 1728 1450 1769 Indorum

334 1805 438 1844 libris
486 1806 600 1844 sacris
616 1833 630 1851 ‚
684 1803 1019 1843 diversissimorum
1069 1801 1290 1849 placitorum
1322 1800 1451 1840 feraci-

336 1875 438 1922 bus,
475 1875 710 1913 Panthcismo
742 1875 867 1912 laudes
905 1873 1117 1920 repetendas
1144 1882 1249 1917 esse,
1288 1883 1380 1919 quas
1405 1871 1450 1910 iis

336 1945 592 1993 impertierunt
622 1943 886 1992 Schellingiani
921 1943 1120 1989 nonnulli,
1147 1943 1258 1980 docet
1294 1942 1344 1982 K.
1378 1940 1449 1981 W.

337 2015 361 2053 S
379 2014 515 2053 tein:
543 2014 618 2052 Die
658 2012 875 2065 Apologetik
913 2011 973 2050 des
999 2012 1229 2051 Christenth.
1269 2012 1326 2051 als
1354 2011 1453 2051 Ws·

336 2083 521 2133 senschaft
555 2083 800 2133 dargestellt‚
851 2094 891 2131 p.
920 2094 1002 2131 119.
1035 2102 1090 2113 --
1124 2082 1347 2130 Caeterum,
1386 2082 1453 2121 ubi

336 2157 381 2194 de
405 2154 711 2193 reviviscentibus
738 2153 932 2191 identidem
955 2150 1203 2200 antiquiorum
1223 2153 1369 2201 placitis
1394 2154 1451 2192 di·

338 2225 466 2262 ‘cebam
476 2252 488 2271 ‚
501 2224 571 2262 nisi
587 2223 774 2261 brevitatis
789 2234 846 2261 me
859 2223 1020 2261 studium
1033 2221 1243 2261 retinuisset
1258 2251 1271 2271 ,
1285 2235 1453 2274 magnam

339 2295 445 2333 etiarn
471 2292 744 2332 similitudinem
760 2294 1104 2332 commemorassem
1121 2319 1134 2340 ‚
1150 2303 1243 2341 quae
1264 2294 1358 2333 inter
1381 2296 1452 2334 ob·

334 2365 514 2415 jectiones
541 2363 759 2413 intercedit,
800 2363 936 2412 quibus
965 2363 1166 2404 doctrinam
1201 2365 1245 2403 de
1268 2367 1407 2404 mundo
1432 2376 1455 2405 ι

1380 2437 1463 2477 Deo
