1483 2860
271 257 343 295 140
477 241 1157 285 COMMENTATIO

320 383 351 404 „
379 355 494 405 Quod
531 355 716 403 reliquum
735 358 739 360 '
759 362 845 401 est,
887 354 960 392 hoc
993 361 1168 391 nostrum
1195 352 1385 403 jusjuran·

267 452 300 474 ‚,
326 426 415 465 dum
452 424 641 474 animique
670 422 972 463 testificationem
1009 435 1096 461 cum
1122 431 1160 460 te
1189 432 1227 461 et
1264 427 1385 460 omni-

266 523 297 544 „
325 495 397 534 bus
417 495 500 534 aliis
526 495 677 544 regibus
692 522 706 542 ,
720 493 953 543 principibus
968 491 1200 542 populisque
1218 503 1386 530 commu-

267 593 300 614 „
329 565 493 604 nicatum
509 565 552 603 iri
577 565 790 614 speramus,
807 576 885 612 quo
907 563 1049 613 cuique
1069 571 1192 612 pateat
1207 572 1303 611 ,nos
1322 572 1386 600 ne-

265 662 298 684 „
327 630 512 683 quaquam
545 634 742 673 seditiones
767 634 919 683 moliri,
946 645 1070 683 neque
1091 645 1112 672 a
1138 645 1224 683 rege
1250 641 1383 672 nostro

266 732 300 754 „
326 704 550 754 descivisse3
578 705 639 744 sed
663 704 880 744 necesfitate
916 714 1070 743 coactos
1103 703 1181 742 esse
1212 705 1260 743 ad
1287 714 1387 742 arma

266 803 301 825 ‚,
328 784 460 814 contra
471 775 561 824 regii
587 775 751 814 nominis
773 775 945 813 inimicos
960 785 1166 822 omnesque
1179 803 1193 823 ,
1211 773 1278 823 qui
1299 784 1388 812 auc-

268 874 300 895 „
327 846 481 884 toritate
515 846 595 895 ejus
620 845 723 883 abufi
749 844 858 892 sunt,
885 844 1164 893 suscipienda.’'
1227 864 1230 868 ’

319 916 427 967 Quae
458 916 519 955 hic
546 915 653 955 brevi
691 927 734 954 ac
759 915 862 954 tenui
897 916 1067 953 oratione
1091 913 1298 965 proposui,
1324 925 1389 952 co-

269 985 412 1037 piofius
457 987 578 1025 multo
621 995 657 1025 et
695 985 863 1025 ornatius
898 986 943 1024 ab
987 984 1067 1034 ipso
1115 985 1386 1024 Gulielmo

270 1056 558 1105 Ordinibusque
592 1066 835 1107 exponuntur
863 1067 900 1095 et
925 1058 1180 1101 enucleantur.
1236 1057 1309 1095 Sed
1330 1057 1391 1094 vel

272 1139 319 1167 ex
358 1127 487 1177 paucis
526 1127 600 1175 iis,
651 1139 746 1176 quae
771 1139 816 1166 ex
849 1128 995 1166 laudata
1028 1126 1228 1175 scriptione
1260 1124 1393 1175 selegi,

273 1197 358 1236 satis
399 1198 586 1248 superque
613 1197 780 1237 constare
802 1207 956 1247 potest,
984 1209 1094 1246 quam
1120 1196 1308 1247 egregium
1341 1208 1395 1235 at-

275 1280 350 1317 que
375 1269 545 1318 justitiae
581 1280 791 1318 congruens
823 1269 1016 1317 Belgarum
1049 1267 1163 1307 fuerit
1200 1268 1395 1306 confilium

275 1347 490 1387 quantaque
529 1339 708 1388 patientia
743 1350 828 1387 erga
867 1339 1044 1377 immitem
1092 1347 1129 1376 et
1172 1337 1400 1387 superstitio-

277 1407 355 1446 sum
391 1419 512 1457 regem
541 1407 594 1446 ufi
626 1407 709 1450 fint.
764 1406 930 1454 Omnia,
956 1420 1051 1455 quae
1089 1417 1212 1456 egerat
1247 1407 1397 1447 Alba·

276 1489 302 1517 n
317 1490 395 1538 ¹²,S’
412 1477 511 1527 regis
535 1478 687 1516 nomine
711 1486 849 1526 egerat.
891 1478 996 1525 Ergo
1019 1478 1079 1515 hic
1104 1478 1170 1516 nisi
1200 1489 1242 1516 ea
1274 1478 1398 1517 omnia

277 1549 568 1598 comprobaret,
596 1548 784 1586 Albani
825 1547 993 1586 licentiae
1018 1548 1122 1587 frena
1149 1548 1301 1598 injicere
1338 1549 1403 1587 de-

276 1619 435 1657 buerat:
461 1618 631 1667 alioquin
655 1617 733 1666 ipse
759 1618 927 1656 omnium
963 1619 1142 1656 malorum
1169 1627 1301 1657 auctor
1339 1619 1404 1657 ha-

279 1690 426 1729 bendus
458 1698 549 1727 erat.
628 1688 744 1739 Quod
786 1698 902 1736 quum
940 1699 1018 1726 non
1057 1686 1217 1735 fecerit,
1254 1689 1402 1728 civibus

280 1759 357 1800 suis
386 1758 421 1797 se
447 1759 523 1808 ipse
555 1758 700 1797 hostem
727 1757 945 1796 monstravit
975 1770 1181 1806 eorumque
1210 1760 1299 1798 odio
1321 1760 1404 1810 dig-

280 1828 457 1868 nisfimus
495 1829 618 1867 factus
656 1837 728 1867 est.
781 1828 922 1866 Verum
945 1828 1076 1876 cives,
1103 1828 1401 1877 Philippum

283 1910 407 1947 usque
437 1899 629 1937 dominum
659 1897 765 1937 suum
795 1898 932 1936 habere
955 1898 1177 1947 cupientes,
1206 1899 1402 1950 five'regis

283 1981 409 2008 amore
442 1969 573 2014 ducti,
601 1967 676 2007 sive
706 1969 855 2006 occulta
887 1970 967 2019 ejus
1005 1970 1137 2017 agendi
1173 1969 1316 2008 ratione
1343 1971 1405 2009 de-

283 2039 407 2088 cepti,
461 2050 609 2078 omnem
653 2039 802 2088 culpam
848 2038 887 2076 in
940 2038 1196 2078 Albanum
1234 2040 1411 2091 conjicie·
1468 2044 1470 2047 '

283 2109 390 2148 bant.

337 2179 450 2218 Unde
480 2187 581 2218 tanta
617 2180 654 2218 in
682 2180 826 2229 populo
857 2180 952 2219 laeso
987 2181 1195 2228 patientia?
1220 2201 1275 2212 --
1299 2182 1411 2222 Unde

287 2248 466 2289 mirabilis
497 2250 558 2288 illa
588 2249 680 2288 fides
712 2261 754 2289 ae
788 2249 1005 2293 constantia.
1033 2272 1086 2282 —
1113 2251 1286 2301 Scilicet,
1315 2252 1411 2292 sum-

1333 2333 1418 2362 mus
