1524 2850
250 280 307 325 12
539 279 1074 326 ORATIO.

300 415 430 460 Plena
482 414 609 474 igitur
663 415 825 458 illarum
867 429 1006 458 rerum
1022 446 1033 466 ,
1079 394 1185 471 duas
1227 415 1368 458 conti-

240 501 392 537 nenter
425 499 635 546 tractant,
666 491 815 537 notitia
828 519 854 544 ,·
873 490 1080 550 operariis
1108 497 1150 534 et
1186 490 1364 534 artifici-

239 569 322 613 bus
360 570 465 629 ipsis
503 569 710 613 tradenda
749 569 944 622 videtur,
973 576 1020 612 ut
1048 568 1151 625 quid
1189 575 1230 612 et
1256 584 1368 626 qua-

240 661 289 691 re
318 646 363 690 id
396 645 552 690 faciant
589 645 671 705 ipsi
712 645 994 706 perspiciant3
1026 645 1139 690 unde
1174 659 1263 689 non
1289 659 1367 689 so·-

240 724 328 767 lum
359 724 550 783 ipsorum
590 723 816 767 commodo
856 731 899 767 et
927 722 1054 767 cultui
1090 721 1365 782 prospicitur,

235 800 317 844 sed
353 800 582 844 maximum
622 800 722 845 inde
754 800 799 844 in
833 800 952 860 ipsos
978 799 1236 844 fabricarum
1259 813 1367 858 pos-

239 891 428 922 sessores
459 877 666 922 redundet
709 878 1058 937 emolumentum,
1089 890 1267 922 necesse·
1287 883 1364 920 est.

239 952 414 997 Scilicet
455 954 627 1010 quando
664 953 872 1010 ejusmodi
908 960 1082 996 utuntur
1131 951 1338 1012 operariis
1353 983 1367 1006 ,

239 1030 313 1088 qui
350 1045 492 1075 rerum
531 1029 884 1089 perficiendarum
923 1037 1021 1074 sunt
1060 1028 1211 1089 periti,
1269 1043 1368 1073 eas-—

200 1139 202 1142 -
239 1123 322 1166 que
364 1109 488 1167 plene
526 1114 757 1160 noverunt,
812 1114 903 1151 'cum
951 1106 1040 1152 sine
1078 1105 1210 1150 dubio
1247 1105 1367 1165 ipsae

236 1185 509 1245 operationes
555 1191 595 1229 et
635 1183 759 1228 citius
798 1191 839 1228 et
877 1183 1024 1228 melius
1065 1191 1106 1228 et
1146 1197 1242 1227 cum
1281 1182 1367 1226 mi-

237 1263 362 1307 nimis
412 1261 607 1321 expensis
661 1261 810 1321 perfici
852 1267 1064 1320 poterunt.
1157 1260 1286 1318 Quod
1329 1260 1366 1304 si

229 1339 338 1394 -fiat,
365 1353 500 1399 opera
539 1338 634 1398 ipsa
673 1336 714 1382 et
741 1338 875 1396 magis
916 1344 1187 1396 expetentur,
1234 1336 1368 1396 quip-

238 1432 296 1477 pe
332 1417 612 1477 perfectiora,
645 1423 685 1461 et
721 1415 857 1460 viliori
892 1415 1032 1475 pretio
1068 1414 1193 1459 vendi
1237 1420 1366 1473 pote—-

238 1502 362 1548 runt,
432 1494 592 1553 quippe
640 1493 828 1538 breviori
879 1500 1072 1553 tempore
1125 1498 1167 1536 et
1210 1489 1366 1535 minori

238 1580 379 1617 sumtu
419 1573 626 1616 confecta.
1148 1615 1151 1617 ,

227 1676 230 1680 ·
294 1649 360 1694 Ne
395 1663 499 1694 vero
538 1648 632 1706 quis
668 1655 814 1708 putet,
860 1662 967 1705 quae
1007 1646 1060 1690 de
1094 1644 1365 1690 institutionis

240 1743 368 1785 quam
409 1727 494 1771 dixi
531 1726 707 1771 utilitate
741 1724 1005 1785 praedicavi,
1035 1723 1153 1768 vanis
1182 1721 1259 1766 niti
1284 1736 1364 1766 nec

239 1802 496 1862 experientia
551 1802 811 1846 confirmatis
870 1799 1177 1860 opinionibus:
1243 1798 1363 1858 ipsos

239 1895 398 1939 quaeso
435 1880 699 1924 itineratores
737 1885 960 1922 narrantes
999 1875 1205 1930 audiatis,
1250 1889 1364 1932 quo-

237 1958 369 2002 modo
406 1956 655 2017 praesertim
691 1955 736 1999 in
774 1954 926 2013 Anglia
967 1953 1133 2013 saepius
1173 1952 1365 1998 admira·-

238 2035 354 2079 tione
391 2033 700 2093 obstipuerint,
733 2047 829 2077 cum
867 2032 986 2091 ipsos
1025 2031 1217 2076 audirent
1253 2044 1364 2090 ope-

237 2111 403 2166 mrios,
431 2111 475 2156 in
515 2109 806 2155 diversissimis
848 2109 1046 2162 fabricis,
1086 2109 1145 2152 ita
1173 2108 1225 2151 de
1253 2104 1362 2166 opess·

235 2189 448 2235 rationum
480 2188 589 2240 fine,
632 2187 799 2240 indole,
837 2187 1098 2238 commodis,
1130 2184 1250 2229 noxis
1292 2185 1362 2228 lo·-

240 2273 440 2328 quenteS,
483 2273 530 2310 ut
568 2265 655 2311 fere
696 2265 894 2319 dixisses,
938 2264 1056 2324 ipsos
1085 2263 1177 2313 illos
1216 2261 1361 2308 homi-

1253 2355 1357 2394 nes,
