1560 2860
466 275 852 323 ORATIO.
1152 278 1209 324 57

102 423 223 462 rum,
277 408 571 455 Studiosorum
621 419 746 470 atque
798 412 1049 459 'Academiae
1106 412 1214 457 adeo

102 485 339 532 universae!
372 488 477 546 (37)

159 641 248 686 Vos
263 673 275 696 ,
306 641 551 688 nobilissimi
576 636 829 690 Academiae
850 644 991 690 Cives!
1025 645 1216 691 Commi-

103 718 258 763 litones?
284 720 561 765 ornatissimi!
595 736 702 779 quos
730 737 843 766 nunc
869 723 1057 777 laetiori,
1088 738 1216 781 quam

103 796 233 840 modo
261 804 403 851 antea,
436 798 576 842 animo
604 800 838 858 compello;
869 800 983 854 Vos,
1013 799 1215 858 inquam,

101 872 268 918 ineunte
296 889 345 918 eo
362 906 374 928 ‚
406 874 476 932 qui
503 889 615 920 nunc
639 875 766 930 abiit,
798 891 909 921 anno
948 877 1217 931 academico,

106 951 282 1009 eleganti
308 952 423 996 edito
445 954 687 1011 spectaculo
710 953 905 1008 mimico,
936 955 1136 1008 curastis,
1163 969 1217 999 ne

106 1028 341 1082 mentibus,
384 1044 461 1088 per
494 1028 655 1073 literata
697 1031 834 1074 studia
877 1031 1088 1089 fatigatis,
1133 1031 1220 1076 ho-

106 1114 225 1151 nesta
266 1106 474 1150 recreatio
512 1106 698 1161 deesset3
731 1114 856 1164 atque
885 1109 934 1152 ea
961 1108 1218 1167 opportuni-

104 1191 216 1238 tate,
247 1190 509 1241 quantopere
541 1183 684 1227 decori
719 1184 915 1228 servandi
953 1185 1130 1229 studiosi
1156 1188 1219 1229 si·-

104 1261 185 1315 tis,
215 1261 444 1305 luculenter
472 1260 801 1304 demonstrastis.
836 1283 887 1293 —
919 1262 1074 1305 Verum
1115 1262 1217 1318 quid

107 1338 161 1383 de
205 1353 256 1382 eo
294 1337 558 1397 potissimum
600 1338 753 1382 Vestro
790 1337 857 1381 die
894 1337 1068 1382 dicam?
1101 1338 1221 1395 quasi

106 1415 296 1472 reliqua,
327 1430 452 1472 quam
486 1414 571 1458 hoc
612 1428 723 1458 anno
762 1414 923 1472 egistis,
953 1415 1037 1459 vita
1063 1415 1220 1460 acade-

107 1492 218 1536 mica
265 1492 401 1536 minus
449 1492 672 1551 probanda
714 1492 867 1536 fuerit!
941 1492 1076 1536 Immo
1118 1506 1219 1537 vero

109 1569 194 1613 hoc
235 1568 427 1628 inprimis
470 1569 707 1623 laudamus3
747 1576 871 1625 atque
913 1576 959 1613 ut
987 1570 1060 1622 ea,
1113 1585 1221 1626 quae

111 1660 206 1691 cum
246 1646 400 1704 pietate
443 1646 594 1689 Vestra
623 1645 863 1699 conveniat,
907 1646 1072 1690 ratione
1102 1646 1222 1690 dica-

109 1739 232 1777 mus,
274 1723 386 1766 hanc
420 1722 514 1766 Deo
556 1723 711 1780 gratias
749 1723 900 1780 agendi
941 1723 1225 1782 locupletissi-

111 1815 222 1845 mam
251 1800 452 1844 habemus
477 1799 719 1852 materiam,
752 1800 868 1856 quod
894 1801 1087 1844 Vestrum
1125 1802 1223 1846 lon-

112 1894 163 1937 ge
190 1878 377 1937 plerique
411 1876 464 1921 iis
493 1876 645 1920 suerint
686 1876 852 1933 sintque
886 1877 1076 1921 moribus
1114 1892 1224 1936 pro-

112 1955 362 2008 batissimis,
395 1961 520 2011 atque
561 1968 632 1998 eos
673 1954 845 1998 fecerint
871 1955 915 1998 in
947 1955 1097 1999 artium
1135 1955 1227 2001 dis-

44 2046 50 2055 ·
113 2033 279 2092 ciplinis
317 2046 590 2092 progressus,
622 2038 668 2074 ut
695 2030 886 2089 ipsorum
927 2040 1103 2078 conatus
1137 2034 1227 2078 Pa-

115 2110 219 2155 triae
257 2124 308 2153 ac
344 2107 542 2154 Societati
580 2107 842 2153 Christianae
873 2110 1120 2168 profuturos
1146 2126 1226 2156 au-

116 2202 323 2245 guremur.
385 2187 523 2243 Quam
561 2199 679 2243 spem
708 2193 893 2229 nostram
929 2194 969 2231 et
1005 2195 1231 2246 exspecta-

116 2264 274 2308 tionem
317 2263 404 2308 Vos
442 2277 528 2308 non
570 2261 762 2319 eludeti53
804 2263 922 2311 Deus
960 2264 1050 2324 ipse
1091 2272 1226 2309 ratam

115 2340 265 2387 saciat!

1142 2416 1230 2462 Ve-
