1483 2860
225 195 276 233 {²2
445 182 1115 226 COMMENTATIO

226 293 376 340 vulgare
414 292 590 341 p1acitum
614 293 716 340 quod
743 303 813 330 nos
844 292 1001 331 dicimus
1036 306 1119 332 eene
1153 293 1338 345 afspraak

226 371 264 400 et
292 362 402 410 ipsam
450 363 752 401 conventionem.
827 363 952 402 Verba
987 362 1103 411 igitur
1137 363 1340 413 adjicienda

225 430 427 478 videntur,
465 430 753 469 conventionem
787 442 920 480 nempe
952 431 1029 470 esse
1064 432 1224 471 duorum
1254 434 1341 482 plu-

225 499 369 538 riumve
416 499 455 537 in
490 500 586 537 idern
619 501 796 548 placitum
841 501 1084 550 consensum,
1134 513 1211 550 quo
1250 504 1342 541 alter

223 569 433 619 promittit,
459 571 550 608 alter
575 571 813 619 promissioni
841 572 1025 611 adhaeret.
1066 573 1204 612 Eadem
1231 572 1341 612 etiam

224 642 367 677 ratione
400 640 506 679 artic.
537 653 648 680 1101.
682 642 784 680 Cod.
811 641 886 681 civ.
914 642 1177 681 conventionis
1211 653 1345 680 vocem

223 708 420 760 definivit,
448 712 582 749 etenim
618 723 685 761 per
719 713 1031 761 conventionem,
1059 725 1153 761 quae
1191 712 1346 751 consen-

224 776 266 815 su
300 780 390 818 duas
432 783 606 830 pluresve
649 782 822 832 personas
859 783 956 822 inter
992 783 1214 834 perficitur,
1253 784 1345 822 alter

223 849 328 888 alteri
359 849 431 889 sese
465 851 648 901 obligavit
681 854 727 891 ad
756 864 834 891 rem
866 853 1027 902 aliquam
1062 855 1244 902 dandam,
1279 849 1344 892 vel

223 920 271 958 ad
304 921 446 968 aliquid
477 920 688 961 faciendum
713 925 774 962 vel
807 933 886 962 non
910 924 1121 964 faciendum
1148 925 1232 974 (1).
1287 925 1347 964 Si·-

223 1000 272 1028 ne
300 991 459 1038 partium
494 992 610 1041 igitur
643 993 815 1040 consensu
857 995 1058 1034 conventio
1094 995 1250 1045 cogitari
1280 1006 1347 1033 ne-

225 1059 309 1107 quit
322 1087 337 1108 ,
348 1062 515 1110 adeoque
527 1063 744 1111 requisitum
757 1065 1051 1104 conventionum
1065 1065 1254 1104 essentiale
1266 1075 1346 1114 est,

224 1130 364 1179 pariter
389 1143 429 1169 ac
453 1135 630 1184 partium
653 1136 954 1174 contrahentium
980 1138 1171 1188 capacitas
1185 1151 1201 1185 ‚·
1227 1134 1346 1174 versa-

226 1199 259 1238 ri
291 1212 406 1250 porro
439 1202 550 1242 debet
575 1203 674 1243 circa
708 1204 914 1253 objectum,
944 1206 1047 1253 quod
1072 1206 1223 1243 tertium
1254 1217 1347 1245 con-

225 1272 444 1310 ventionum
473 1273 690 1321 requisitum
715 1274 905 1313 essentiale
919 1284 996 1323 est3
1023 1275 1162 1323 quibus
1185 1262 1347 1324 denique

226 1350 400 1389 quartum
435 1343 680 1392 addiderunt,
719 1344 871 1391 causam
914 1346 1058 1384 civilem
1097 1346 1343 1396 obligationis.

225 1412 287 1451 De
318 1412 471 1461 fingulis
505 1414 636 1462 paucis
665 1414 735 1453 erit
766 1415 979 1454 dicendum.

275 1483 309 1522 Ι.
339 1484 555 1523 Conventio
588 1485 656 1523 nist
693 1485 825 1523 habeat
860 1485 1076 1524 consensum
1118 1487 1221 1524 nulla
1259 1495 1345 1535 est,

225 1551 379 1593 constat?
402 1552 499 1592 enirn
544 1566 590 1592 ex
635 1555 780 1594 duabus
827 1557 963 1595 mentis
1002 1557 1346 1605 declarationibus,

223 1617 472 1667 promisfione
511 1617 650 1657 scilicet
689 1618 868 1668 illiusque
905 1621 1188 1668 acceptatione,
1237 1632 1348 1661 omne

225 1700 317 1726 vero
354 1688 393 1727 id
435 1690 539 1736 quod
576 1690 806 1728 contrarium
848 1698 909 1730 est
945 1689 1138 1728 consensui
1172 1689 1248 1729 five
1286 1703 1350 1730 ex-

224 1739 353 1808 presse
387 1757 462 1797 five
501 1758 612 1797 tacite
653 1759 836 1798 declarato
878 1760 987 1799 vitiat
1030 1762 1356 1812 conventionem,

225 1827 386 1876 ideoque
411 1828 478 1876 qui
500 1837 620 1867 errant
637 1828 844 1868 consentire
865 1841 941 1868 non
969 1830 1169 1870 videntur:
1197 1832 1225 1870 1.
1256 1833 1354 1873 116..

225 1898 265 1947 §.
294 1912 332 1939 2.
367 1900 412 1937 de
445 1899 496 1937 R.
518 1898 557 1949 J.
594 1898 661 1948 qui
699 1911 801 1937 error
840 1899 958 1949 igitur
990 1912 1107 1949 aeque
1141 1912 1183 1939 ac
1222 1901 1278 1941 vis
1312 1910 1352 1955 et

226 1970 336 2010 dolus
369 1968 586 2008 consensum
612 1969 783 2018 impedit.
836 1970 955 2009 Error
990 1981 1079 2009 vero
1119 1970 1226 2011 vitiat
1257 1982 1351 2013 con-

225 2038 366 2079 sensum
382 2067 397 2089 ,
442 2038 468 2078 fi
497 2038 661 2079 versatur
696 2039 794 2080 circa
828 2029 997 2083 naturam
1033 2041 1204 2092 negotii,
1246 2043 1358 2098 quod

1290 2125 1357 2163 pa.

246 2254 248 2257 v
265 2221 319 2260 (ι)
339 2220 411 2254 vad.
434 2219 648 2256 zacharia.
672 2218 795 2252 madh..
814 2219 867 2252 des
892 2217 1000 2252 Ptana-
1017 2218 1082 2252 civ.
1103 2218 1241 2258 Rechu,
1258 2219 1351 2252 Tou.

231 2277 274 2314 11,
296 2275 322 2314 S.
343 2286 410 2316 340.
433 2278 484 2306 ed.
512 2275 550 2306 αἱ.
573 2278 658 2312 1827.
