1483 2860
287 202 339 237 42
523 193 1195 233 COMMENTATIO

281 301 342 339 ‘nil
376 310 448 339 tam
481 313 691 350 congruum
720 312 776 340 est
797 302 881 340 fidei
906 303 1086 341 humanae
1109 314 1219 351 quam
1247 314 1287 341 ea
1318 314 1413 350 quae

291 370 388 409 int'er
425 383 489 409 eos
527 373 746 419 placuerunt
782 371 951 420 servare,
1004 385 1082 411 eam
1130 373 1412 422 promissionem

290 441 545 489 exceptionem
583 453 709 489 parere
746 442 928 488 promisit.
985 443 1042 481 Ex
1073 443 1139 480 hac
1175 443 1289 490 igitur
1318 453 1416 481 con-

290 510 466 547 ventione
497 510 598 547 nulla
631 510 754 548 civilis
789 511 978 548 oriebatur
1012 511 1221 560 obligatio,
1248 511 1307 550 sed
1335 521 1416 550 tan-

290 580 370 618 tum
407 580 585 617 naturalis
613 581 699 628 (1).
764 578 830 617 Ait
866 580 962 617 enim
1007 581 1217 629 Ulpianus:
1260 608 1284 629 ‚‚
1312 581 1412 620 Cum

290 679 316 698 „
343 651 442 688 nulla
479 649 606 687 subest
653 648 759 687 causa
799 659 943 698 praeter
986 650 1301 696 conventionem,
1348 649 1410 687 hic

290 747 316 768 „
343 720 482 757 constat
512 731 588 758 non
624 718 732 768 posse
756 719 932 757 constitui
958 719 1250 768 obligationem:
1295 719 1410 767 igitur

291 817 315 837 „
343 791 441 828 nuda
470 789 594 838 pactio
634 789 901 838 obligationem
932 801 1010 827 non
1047 800 1174 838 parit,
1214 788 1277 826 sed
1314 789 1412 838 parit

291 887 316 908 „
343 859 613 909 exceptionem.
630 859 655 876 ’⁹
696 861 764 908 (2)
815 859 1000 907 Exceptio
1042 870 1129 897 vero
1164 859 1210 896 ab
1249 858 1410 897 actionis

286 928 364 966 fine
389 938 536 966 eatenus
573 927 722 976 differt,
776 929 880 976 quod
916 929 977 966 illa
1011 929 1055 966 ad
1092 939 1177 966 reos
1214 927 1413 966 defenden-

287 999 357 1038 dos
399 1009 609 1047 comparata
645 1008 702 1037 est
735 1007 771 1037 et
802 999 848 1036 ad
888 998 1117 1039 conditionis
1161 998 1412 1037 conservatio.

288 1083 373 1110 nem
404 1071 523 1108 tendit
541 1099 553 1117 .,
582 1082 691 1118 quam
716 1071 782 1108 hac
805 1080 995 1106 removere
1022 1068 1140 1106 studet
1168 1067 1308 1116 petitor
1323 1067 1409 1116 (3).

281 1141 405 1190 ›Quod
439 1151 524 1177 cum
563 1140 750 1188 Ulpianus
774 1139 874 1176 nuda
898 1148 1003 1186 pacta
1027 1138 1291 1185 obligationem
1319 1148 1412 1176 con-

286 1210 436 1249 stituere
468 1219 602 1259 negat,
630 1209 803 1258 intellig-it
835 1207 1101 1256 obligationem
1125 1207 1298 1253 civilem,
1325 1217 1409 1245 nam

282 1281 463 1318 ‘naturalis
497 1280 678 1327 obligatio
709 1291 834 1317 revera
868 1279 952 1316 inde
992 1278 1139 1325 oritur,
1171 1278 1282 1327 cujus
1309 1278 1411 1326 prin-

286 1350 417 1398 cipalis
445 1362 533 1388 vei-0
565 1349 804 1398 obligationis
842 1350 899 1386 vis
928 1349 965 1386 in
995 1361 1038 1386 eo
1076 1348 1268 1395 cernitur,
1305 1344 1410 1394 quod

280 1420 446 1458 solutum
481 1432 524 1458 ex
552 1431 593 1457 ea
622 1420 738 1467 repeti
768 1419 914 1466 nequit.
969 1419 1158 1456 Praeterea
1182 1429 1272 1455 vero
1298 1418 1407 1455 ‘etiam

285 1491 481 1529 creditoris
511 1490 649 1528 actioni
684 1490 785 1528 illius
814 1488 1149 1537 compensationem
1167 1514 1181 1535 ,
1209 1499 1319 1535 quam
1341 1489 1409 1524 mi-

287 1561 326 1599 hi
360 1573 426 1609 per
456 1562 656 1598 naturalem
691 1559 957 1608 obligationem
983 1557 1187 1605 acquisivi,
1216 1569 1409 1606 opponere

285 1632 435 1670 licebat.
477 1632 524 1670 L.
557 1633 596 1669 6.
624 1629 667 1666 ff.
697 1632 743 1668 de
774 1630 963 1677 compens.
1007 1627 1259 1678 Fidejussores
1297 1628 1405 1666 etiam

287 1704 444 1742 naturali
490 1701 713 1751 obligationi
760 1701 940 1738 *accedere
981 1707 1180 1748 poterant,
1233 1698 1324 1736 adeo
1366 1706 1408 1736 ut

285 1786 355 1824 per
387 1773 533 1811 civilem
572 1771 833 1809 confirmarent
873 1771 1073 1807 naturalem
1120 1767 1403 1814 obligationem.

286 1844 338 1882 L.
371 1846 434 1882 16.
474 1844 511 1890 §.
542 1855 578 1891 3.
614 1840 656 1879 ff.
703 1842 746 1879 de
777 1840 877 1888 fidej.
918 1847 955 1876 et
985 1836 1277 1879 mandatoribus,
1329 1837 1406 1875 De-

285 1915 426 1963 nique,
452 1912 480 1950 fi
511 1924 576 1961 per
599 1910 888 1949 conventionem
924 1908 1099 1947 naturalis
1129 1906 1310 1956 obligatio
1341 1918 1405 1945 or-

1368 1986 1405 2015 ta

322 2117 376 2154 (ι)
397 2115 467 2144 vid.
490 2114 654 2148 weber,
674 2113 698 2142 1.
722 2114 744 2140 1.
766 2112 795 2148 §.
818 2115 866 2141 81.
889 2111 964 2139 coll.
987 2109 1016 2145 ς.
1040 2118 1073 2144 55
1095 2116 1125 2137 et
1148 2109 1196 2143 56.

322 2174 376 2211 (a)
398 2175 436 2202 L.
459 2180 489 2206 7.
519 2171 548 2207 §.
571 2181 600 2209 4.
620 2170 650 2198 ff.
680 2171 718 2198 de
742 2169 856 2205 pactis,
887 2169 938 2196 ubi
957 2175 1013 2203 pro
1038 2167 1155 2201 vulgari
1178 2172 1306 2203 proptor
1331 2173 1399 2194 cum

285 2231 425 2269 pluribus
446 2228 661 2264 interpretibus
674 2233 805 2264 praeter
829 2226 988 2253 lecendum
1012 2223 1146 2252 videtur.

321 2288 376 2326 (3)
396 2284 776 2321 Watnkoenig,1.1.
798 2283 890 2312 Tem.
915 2282 940 2311 1.
964 2282 1023 2312 ΝΟ.
1055 2290 1122 2318 ¹74·
