1483 2860
341 274 857 317 Lt'rERAnlA.
1105 275 1171 326 ⁶3-

35 413 75 437 „
94 385 191 427 alius
205 391 327 424 rerum
338 384 449 424 ordo.
477 384 694 424 Provincias
719 383 901 434 adspicite
917 391 1001 432 ‚tot
1011 383 1159 433 episco-

41 481 74 504 ‚,
101 453 162 504 pis
175 481 190 502 ‚
207 460 304 503 quot
319 453 510 503 opulentis
525 452 602 492 fere
614 453 1056 493 civitatibusinstructaS.
1083 452 1160 492 Ec-

39 549 74 573 „
100 523 192 573 quid
224 523 384 571 mirum,
410 523 438 565 fi
467 523 514 563 ad
534 522 649 563 seculi
670 524 793 564 nostri
822 524 972 575 genium
1002 524 1163 562 remedia

39 618 74 643 „
100 593 298 643 exigimus.
334 590 480 635 Medici
504 603 584 633 nou
605 593 677 633 nisi
699 605 808 643 aegre
841 595 888 633 ad
913 593 1081 633 tristiora
1094 592 1164 633 (re-

35 691 73 713 „
98 670 282 714 currunt3
308 662 433 703 omnia
460 663 566 713 prius
589 663 837 713 experiuntur
853 692 867 713 ‚
892 672 1092 713 antequam
1115 663 1174 703 adv

36 759 72 784 ‚‚
97 733 288 773 ustionem
316 733 484 773 veniant.
521 734 705 773 Nondum
734 733 925 783 deplorata
950 744 1010 771 res
1025 741 1110 780 est,
1125 740 1166 772 et

38 829 72 852 ,‚
97 801 328 852 comsumpta
353 803 528 843 remedia,
568 802 778 844 Periculose
814 802 929 843 status
953 803 1049 842 bene
1073 812 1166 842 con»-

39 898 73 922 „
100 870 219 912 stituti
242 871 344 922 leges
383 880 599 913 vertuntur.
638 872 811 913 Imitandi
835 872 921 913 sunt
945 873 1058 924 periti
1090 884 1174 912 me-

41 968 76 991 „
102 941 204 992 diei,
233 942 302 991 qui
332 941 534 984 acerbiora.
559 943 850 992 medicamenta,
889 943 992 983 suavi
1027 951 1170 992 tempe·

39 1038 75 1061 ,‚
102 1018 187 1051 rant
224 1011 388 1052 mixtura
413 1019 452 1050 et
486 1011 676 1052 stomacho
705 1012 919 1053 nauseantis
957 1022 1172 1053 accommo-

38 1108 72 1129 „
99 1082 204 1121 dant.
228 1081 403 1121 Lenitate
425 1090 506 1121 non
531 1083 656 1132 rigore
676 1095 776 1132 opus
803 1092 861 1123 est
885 1084 1021 1124 nobis.
1050 1084 1170 1123 Vide-

38 1177 72 1200 „
100 1162 184 1190 mus
217 1150 411 1191 fastidium
449 1152 606 1201 populi:
634 1152 882 1202 mitigandum
905 1154 979 1193 hoc
1011 1163 1098 1203 est,
1125 1164 1175 1193 ne

40 1245 75 1268 ,‚
103 1219 232 1269 (quod
278 1219 499 1271 abominor)
536 1222 576 1261 in
615 1221 836 1261 seditionem
871 1233 991 1263 exeat.
1058 1223 1177 1274 Quod

42 1313 74 1335 2,
101 1290 148 1329 ad
178 1298 238 1329 me
274 1290 394 1339 igitur
426 1291 586 1340 attinet,
612 1303 840 1343 magnopere
864 1295 1076 1344 censerem,
1102 1294 1177 1332 hoc

43 1382 76 1406 „
101 1358 181 1394 esse
198 1368 347 1405 tempus
362 1389 375 1409 ,
404 1372 482 1410 quo
509 1360 769 1410 Inquifitionis
797 1364 1016 1402 exercitium
1049 1358 1177 1399 differ-

43 1451 78 1475 „
103 1435 145 1464 re
181 1433 383 1474 oporteat3
413 1427 517 1474 quod
543 1425 619 1465 fine
648 1428 871 1478 qu‘usquam
897 1427 1030 1469 fraude
1053 1429 1176 1470 facere

41 1519 76 1549 „
103 1493 206 1533 licet.
242 1493 485 1542 Inquifitores
508 1495 554 1535 ab
577 1496 761 1536 hodierno
794 1498 980 1539 Pontifice
1010 1500 1177 1550 diploma

41 1590 76 1613 ,‚
98 1574 180 1604 non
221 1564 387 1613 habent,
429 1564 505 1604 {ine
537 1578 617 1615 quo
654 1567 839 1608 hactenus
877 1569 1030 1609 illorum
1064 1582 1175 1612 nemo

48 1657 84 1682 „
107 1633 410 1684 iurisdictionem
446 1633 667 1685 incepit,et
693 1638 762 1687 ipfi
789 1650 944 1688 quoque
970 1639 1051 1680 fato
1077 1642 1178 1681 Pon·

44 1728 80 1752 ‚‚
105 1703 245 1752 tificis‚
269 1705 483 1746 mandatum
496 1706 603 1746 suurn
618 1707 800 1759 exstingui
813 1709 1044 1751 existimant.
1072 1710 1177 1752 Haec

42 1799 77 1823 „
102 1775 149 1814 de
173 1774 426 1824 Inquifitione
449 1803 463 1825 ‚
503 1788 584 1816 mea
599 1805 613 1826 ,
642 1790 712 1818 nec
738 1779 804 1830 (ut
831 1781 960 1830 vides)
986 1780 1064 1820 sola
1098 1782 1180 1822 sen-

45 1868 80 1893 „
106 1845 230 1886 tentia
270 1854 343 1886 est.
396 1847 456 1886 De
477 1847 610 1888 edictis
646 1861 737 1889 vero
774 1850 864 1899 quid
885 1850 1076 1901 judicem,
1100 1853 1177 1902 J'am

46 1939 82 1963 „
105 1923 191 1954 ante
224 1918 341 1956 multa
377 1917 514 1958 audisti
532 1947 546 1967 ,
582 1928 619 1958 et
654 1921 760 1969 plura
793 1931 894 1959 nunc
939 1921 978 1958 in
1007 1929 1176 1959 contem-

43 2008 77 2034 „
103 1983 306 2034 pla'tionem
329 1988 503 2029 veniunt.
556 1990 820 2029 Nihilominus
840 1992 901 2030 Vi
918 1992 1063 2040 glius
1093 2003 1178 2041 per-

48 2078 82 2101 ,‚
107 2054 332 2096 veniendum
363 2067 474 2108 putat
501 2060 548 2098 ad
581 2062 724 2110 gladios
739 2061 794 2110 ,”
835 2062 944 2101 aliter
969 2061 1142 2101 sectarios
1162 2088 1179 2110 ‚

50 2121 133 2170 ait,
159 2126 244 2164 tolli
269 2136 348 2166 non
368 2129 526 2178 posse.”
579 2158 612 2180 ‚,
634 2133 717 2181 Et,
743 2140 787 2171 ut
813 2144 942 2172 verum
963 2131 1109 2180 fatear,
1136 2142 1179 2171 ea

50 2219 84 2241 ‚,
110 2191 287 2234 sententia
312 2198 404 2237 olim
438 2200 604 2248 plurium
628 2201 733 2251 fuit,
762 2202 825 2241 sed
854 2212 925 2251 ego
952 2202 1052 2241 illam
1085 2212 1178 2240 con·-

0 2280 1 2308 χ
51 2287 86 2309 ,,
111 2260 244 2302 ditioni
278 2272 520 2317 temporum,
546 2280 624 2308 non
658 2271 876 2321 prudentiae
906 2272 1068 2322 imputo.
1096 2270 1179 2311 Usu

0 2347 3 2381 i
52 2356 87 2380 „
113 2342 234 2372 rerum
267 2345 503 2385 compertum
540 2347 628 2389 est,
671 2341 949 2393 exquifitiorem
991 2353 1179 2393 quamque

2 2418 4 2428 ’
1036 2440 1068 2461 ,,
1095 2424 1182 2452 cru-
