1483 2860
251 169 301 219 5⁶
482 167 1145 213 coMMEN-TATm

257 286 341 317 mus
373 277 490 321 hocce
528 289 602 331 ope
635 280 786 329 penduli
824 279 977 329 effecit,
1014 289 1059 321 ut
1083 291 1226 331 corpus
1252 280 1292 322 in
1311 282 1380 326 da-

257 353 297 385 ta
332 346 426 387 linea
459 359 575 397 eaque
611 350 782 400 cyclolde
808 336 1000 390 moveatur
1031 351 1090 401 1).
1143 352 1223 392 Hac
1260 352 1306 391 de
1338 363 1378 390 re

261 424 385 456 autem
415 418 523 465 plura
553 417 782 458 observando
819 421 1010 463 transirem
1047 420 1169 471 fineS‚
1194 433 1286 471 quas
1311 422 1379 464 mi-

262 485 304 524 hi
327 487 498 535 quaestio
522 486 766 539 praescripfit.

324 555 396 594 Uti
427 565 567 606 puncta
603 557 827 608 fingularia,
893 560 1140 611 multiplicia,
1213 560 1383 604 inflexio-

264 623 325 664 nis
368 632 406 667 et
459 626 672 669 reflexionis
721 628 945 677 peculiarem
986 631 1066 669 ‘vim
1122 640 1292 671 exercent
1339 631 1380 671 in

265 704 426 744 curvas,
483 696 536 738 ita
578 699 687 737 etiam
726 709 840 748 agunt
880 700 919 738 in
956 701 1139 740 evolutas.
1213 700 1257 739 In
1285 712 1382 749 pun·

262 764 337 804 ctis
382 766 653 818 multiplicibus
709 777 862 817 propter
911 771 1035 818 plures
1079 769 1223 811 valores
1267 770 1382 822 ipsius

263 833 319 938 Ξ
368 866 478 906 multi
529 869 623 908 radii
669 880 887 911 curvaturae
936 873 1097 919 ideoque
1138 874 1275 914 multae
1328 883 1387 910 ae.

267 969 466 1018 quationes
488 973 659 1011 evolutae
682 973 824 1014 adsunt.
874 974 1085 1013 Praesertim
1111 986 1200 1013 vero
1226 974 1310 1013 sunt
1329 973 1386 1013 in-

268 1038 381 1082 flexio
403 1049 440 1078 et
472 1042 627 1082 reflexio
646 1044 981 1084 animadvertenda.
1034 1045 1216 1083 Centrum
1257 1056 1387 1093 curva-

270 1114 374 1148 turae
400 1109 510 1150 situm
531 1121 588 1151 est
610 1112 649 1151 in
676 1125 716 1152 ea
736 1115 838 1164 plani
864 1124 967 1164 parte
981 1142 994 1162 ,
1019 1114 1081 1153 cui
1111 1126 1225 1154 curva
1247 1126 1389 1166 propo-

265 1176 337 1219 fita
369 1179 468 1222 suam
503 1182 770 1222 concavitatem
798 1183 975 1224 obvertit.
1030 1183 1245 1225 Exsistente
1266 1194 1386 1232 punc-

265 1255 311 1286 to
341 1247 555 1289 inflexionis
578 1253 636 1289 vel
664 1252 900 1299 reflexionis,
926 1251 1036 1291 debet
1061 1261 1226 1295 centrum
1242 1280 1256 1300 ‚
1284 1251 1386 1290 ideo-

270 1327 347 1367 que
370 1321 519 1357 evoluta
547 1322 670 1360 locum
693 1320 743 1359 ita
758 1330 896 1362 mutare
911 1350 923 1369 ,
951 1331 992 1360 ut
1014 1322 1058 1360 ab
1083 1333 1154 1360 una
1180 1330 1282 1374 parte
1309 1330 1390 1363 tan·

269 1386 394 1438 gentis
424 1389 470 1426 ad
494 1391 642 1427 alteram
664 1400 872 1430 moveatur.
939 1392 1038 1434 Haec
1065 1401 1186 1432 autem
1212 1403 1269 1429 res
1294 1392 1393 1432 duo-

267 1453 344 1494 bus
367 1457 489 1500 modis
520 1457 672 1496 diverfis
695 1458 730 1496 se
757 1459 892 1496 habere
913 1468 1061 1507 potest,
1088 1460 1144 1498 uti
1180 1459 1308 1511 figurIS
1340 1472 1388 1512 19

268 1534 309 1564 et
341 1538 407 1570 20·
436 1526 686 1577 intelligitur,
717 1527 780 1566 ubl
805 1529 954 1569 evoluta
977 1540 1110 1568 curvae
1137 1528 1277 1568 radium
1305 1541 1390 1572 cur-

268 1601 421 1639 vaturae
454 1595 565 1635 habet
588 1597 776 1644 aequalem
801 1596 911 1651 ser03
941 1600 1000 1640 vel
1020 1599 1076 1638 uti
1102 1612 1146 1638 ex
1177 1599 1307 1648 figuris
1338 1613 1384 1642 21

268 1673 308 1703 et
343 1677 422 1713 22,
465 1665 529 1704 ubi
569 1667 719 1706 evoluta
755 1667 866 1707 habe>
898 1669 994 1708 duos
1035 1681 1157 1708 ramos
1193 1670 1387 1720 infinitos,

267 1735 336 1781 qui
358 1734 468 1773 ambo
493 1736 692 1774 normalem
720 1746 850 1786 puncti
877 1737 1070 1786 lingularis
1096 1739 1231 1778 habent
1247 1739 1393 1790 asymp-

269 1810 410 1844 totum.
439 1804 542 1853 Ergo
563 1804 589 1842 fi
615 1805 655 1843 in
683 1817 795 1845 curva
824 1818 936 1845 occur
958 1817 1025 1845 unt
1057 1818 1197 1857 puncta
1219 1809 1390 1852 inflexio-

271 1873 333 1913 nis
347 1874 407 1912 vel
417 1874 626 1913 reflexionis
640 1885 720 1923 ‚est
732 1876 854 1919 radius
875 1885 1093 1919 curvaturae
1110 1891 1162 1917 Ξ
1180 1879 1274 1917 ovel
1293 1889 1351 1921 00
1372 1906 1385 1919 .

271 1936 340 1985 Ex
371 1943 488 1991 figura
522 1956 571 1993 23
595 1953 726 1992 patet,
765 1947 955 1993 quomodo
984 1943 1135 1986 reflexio
1168 1949 1228 1986 vel
1257 1949 1388 1998 cuspis

269 2010 449 2057 secundae
501 2013 639 2062 speciei
673 2015 894 2067 peculiarem
917 2016 993 2056 vim
1017 2025 1160 2060 exercet
1198 2018 1237 2057 in
1260 2019 1390 2060 evolu-

1285 2095 1387 2136 tam,

313 2158 458 2197 1)Vidd.
480 2159 646 2195 Euleri,
667 2162 806 2191 Mechan.
835 2165 869 2192 P.
903 2163 944 2191 11.
974 2162 1049 2198 Cap.
1077 2163 1102 2192 Ι.
1122 2169 1190 2198 pag.
1221 2169 1336 2199 9—12,
1356 2168 1390 2192 et

271 2215 488 2251 Huigenib
511 2220 571 2254 Op.
594 2219 665 2247 Vas.
687 2220 774 2250 Tom.
794 2220 818 2249 1.
839 2220 877 2249 de
899 2219 1000 2250 Horal.
1023 2218 1129 2256 otoni,
1150 2222 1184 2250 P.
1206 2219 1263 2249 111.
1282 2226 1316 2255 p.
1340 2221 1390 2257 89.

275 2272 310 2308 Ρ.
331 2274 387 2310 lv.
406 2279 474 2311 9230·
493 2282 562 2309 ,ιι
