1483 2860
228 195 281 233 40
458 171 1126 228 εοΜΜΕΝΤᾹΤιο

281 294 341 333 Eo
363 303 577 342 pervenerat
588 292 790 338 hierarchia
802 292 889 341 illa,
908 292 1032 338 medio
1043 290 1187 330 saeculo
1198 289 1280 338 XI,
1303 298 1349 329 ut

230 367 456 412 Ἐκκλησία,
489 375 582 412 quae
606 372 736 401 coetus
759 362 925 402 omnium
945 361 1169 400 credentium
1184 359 1346 409 primum

230 434 443 481 dicebatur,
469 435 514 479 ad
548 433 647 476 solos
673 434 828 476 clericos
854 433 1017 481 illosque
1037 441 1212 469 romanos
1235 429 1350 477 refer-

229 511 361 551 retur,
400 504 492 553 qui,
535 504 574 542 in
601 505 668 542 hac
694 515 788 542 voce
813 504 934 543 arcani
967 503 1060 551 quid
1083 500 1347 548 invenientes,

227 575 264 613 se
290 574 490 612 Ecclefiam
521 573 661 612 efficere
699 573 767 612 fibi
799 573 1060 622 persuaserant.
1111 571 1163 611 Hi
1195 571 1347 620 itaque,

227 655 248 682 a
274 644 406 682 ceteris
441 644 667 683 Christianis
694 643 845 691 nomine
864 643 1056 690 distincti,
1081 641 1347 689 vestimentis,

225 713 378 754 vivendi
409 714 552 753 ratione
592 723 629 752 et
667 714 835 752 moribus
868 713 914 752 ab
953 711 1012 752 his
1057 713 1166 751 etiam
1211 711 1347 752 diversi

226 793 353 833 erant3
382 783 578 834 dignitates
593 812 607 832 ,
630 785 714 834 jtlra
734 796 914 833 ,munera
925 783 1253 831 immunitatesque
1277 781 1347 820 fibi

225 856 266 893 in
316 857 483 895 Ecclefia
518 856 783 904 vindicabant,
824 864 883 903 et,
921 864 965 894 ut
1010 854 1094 893 laici
1130 854 1203 892 sese
1240 861 1344 891 totos

224 926 372 965 clericis
413 926 670 975 permitterent
708 924 1033 974 obsequiumque,
1085 935 1156 969 ceu
1190 923 1344 964 unicum

224 994 412 1042 officium,
443 995 490 1033 iis
515 994 760 1043 praestarent,
787 994 1018 1033 nitebantur.

273 1064 453 1104 Omnium
473 1077 564 1109 vero
595 1065 815 1104 clericorum
847 1064 1059 1114 primarium
1085 1065 1211 1102 locum
1241 1070 1347 1108 tenea

222 1132 288 1175 bat
311 1135 407 1184 Papa
439 1134 647 1176 Romanus.
699 1135 809 1174 Fama
835 1134 930 1173 enim
952 1133 1053 1186 illius
1077 1135 1221 1182 Urbis,
1249 1145 1344 1183 quae

220 1212 418 1253 tantopere
453 1205 683 1253 invaluerat,
735 1216 812 1243 non
857 1213 1003 1253 poterat
1038 1215 1148 1252 non,
1203 1202 1343 1243 etiamst

221 1274 366 1316 ruinam
406 1275 492 1312 dare
521 1274 736 1322 videretur,
785 1286 852 1323 per
890 1275 1005 1312 multa
1035 1274 1231 1323 personare
1269 1273 1343 1313 sae,-

221 1344 332 1390 cula,
364 1352 401 1380 et
427 1342 466 1380 in
490 1342 634 1382 animos
663 1342 830 1391 gentium
863 1343 937 1381 vim
975 1343 1110 1382 habere
1143 1355 1343 1394 magnam3

218 1420 331 1460 atque
357 1421 456 1457 aetas
479 1411 602 1459 sacra,
644 1424 754 1460 quam
792 1413 859 1451 hae
884 1422 974 1451 tunc
1008 1414 1207 1462 vivebant,
1259 1413 1344 1463 opi-

216 1482 367 1526 nionem
415 1481 655 1529 inveteratam
695 1483 954 1531 Paparumque
993 1483 1215 1522 commentis
1259 1483 1346 1523 dili·

214 1561 346 1600 genter
382 1552 534 1599 alitam,
572 1552 617 1589 de
657 1551 873 1601 principatu
905 1553 1078 1592 videlicet
1123 1555 1284 1602 quodam
1319 1565 1341 1599 a
1370 1570 1377 1579 2

216 1621 332 1661 Petro
357 1623 547 1669 Apostolo
573 1622 728 1660 condito
746 1650 759 1669 ,
782 1623 928 1673 egregie
951 1624 1214 1672 promovebat.
1256 1624 1339 1667 Hae

215 1692 384 1749 aliaeque
417 1691 569 1740 causae,
616 1692 679 1740 hic
730 1703 808 1739 non
845 1696 1204 1744 commemorandae,
1249 1694 1339 1737 effe·

1274 1777 1338 1812 (ἔθ’

213 1898 442 1937 gubernationis
474 1901 549 1927 vero
572 1898 650 1926 ratio
684 1897 716 1926 in
748 1898 851 1928 multis
875 1907 891 1928 a
918 1900 1103 1930 Graecorum
1131 1902 1237 1933 indole
1270 1911 1336 1936 erat

213 1959 324 1990 aliena.
374 1955 527 1987 Historiae
554 1955 736 1992 documenta
766 1961 798 1984 et
819 1963 868 1985 res
897 1955 960 1991 ipra
988 1958 1134 1995 suadent,
1178 1967 1212 1990 ut
1242 1961 1339 1991 maxi.

212 2022 292 2054 gnam
316 2019 432 2048 partem
459 2020 475 2039 e
502 2010 601 2039 veteri
635 2011 793 2045 synagoga
817 2010 939 2042 judaica
975 2015 1051 2043 hanc
1084 2015 1212 2044 formam
1242 2017 1338 2055 tutius

213 2080 249 2102 ac
271 2071 373 2099 verius
398 2076 590 2107 repetamus,
610 2067 684 2096 licet
703 2068 888 2101 Graecorum
915 2070 1010 2099 studia
1035 2070 1067 2101 in
1089 2073 1147 2101 hac
1163 2073 1250 2103 causa
1271 2083 1334 2106 non

210 2129 267 2167 ant
286 2126 464 2160 rejicienda.
506 2124 579 2156 Vid.
600 2125 639 2153 de
658 2124 716 2154 hac
731 2132 764 2153 re
783 2126 1056 2164 Muntinghii,
1077 2129 1166 2159 Hm.
1189 2130 1332 2170 Ecclns..

211 2183 334 2225 lyei-iudi
354 2183 380 2213 1.
400 2184 474 2218 Cap.
495 2182 540 2211 11.
561 2181 590 2218 S.
610 2187 648 2215 7;
668 2188 699 2210 et
725 2189 796 2211 van
825 2182 969 2220 Heyst,
990 2185 1185 2223 Disfirean'o
1207 2187 1243 2219 de
1267 2188 1332 2228 7⁰5-

211 2242 284 2283 §aqu
294 2255 306 2264 -
316 2241 576 2282 christianum.
596 2246 664 2276 pag.
689 2246 735 2279 ¹⁴,-
