1483 2860
362 140 1039 207 MATHEMA'TICA.
1215 164 1273 212 5⁷

160 285 260 325 tam,
285 275 324 315 in
345 287 418 325 qua
430 274 595 316 cernitur
620 272 794 322 inflexi03
816 282 899 311 nam
919 280 1042 310 ramus
1060 269 1139 308 ΝΟ
1166 261 1268 319 euol-

132 404 133 407 ,
160 348 282 390 vendo
306 346 478 388 describit
503 352 643 404 partem
656 343 828 384 evolutae
848 341 926 382 HG
944 368 958 391 ,
973 347 1009 379 et
1030 350 1152 378 ramus
1172 339 1270 378 MN

160 426 300 469 partem
319 417 392 458 FG
424 416 481 467 1).

631 553 668 601 §.
711 563 774 591 21.

211 694 405 742 Evoluta,
432 695 478 733 de
511 677 584 742 qua
611 694 807 743 hucusque
833 684 959 734 'actum
981 701 1062 741 est,
1099 701 1274 738 nonnun-

163 775 273 813 quam
311 764 461 815 propria
488 764 563 804 esse
590 765 753 814 dicitur,
780 774 823 803 ut
848 765 1088 814 dignoscatur
1116 763 1161 801 ab
1185 763 1284 818 alte..

161 845 201 872 ra
213 834 309 882 AB,
337 835 427 884 (fig.
445 837 514 884 24)
533 861 547 881 2
571 836 800 874 conformata
824 836 869 873 ab
887 832 1208 873 interfectionibus
1232 832 1278 869 li-

162 914 313 944 nearum
348 912 528 944 rectarum
555 904 650 953 Ac,
676 905 758 943 AC‘
784 913 883 953 cet.,
922 916 1015 953 quae
1046 914 1113 952 per
1140 912 1276 948 curvae

163 982 303 1022 puncta
317 972 573 1030 subsequentia
596 974 653 1022 C,
667 973 708 1013 C‘
731 984 803 1013 cet.
825 974 910 1014 sunt
923 975 1077 1022 ductae,
1104 981 1140 1011 et
1160 983 1278 1011 unum

163 1044 396 1092 eundemque
421 1046 595 1094 angulum
620 1056 704 1083 cum
731 1044 969 1094 tangentibus
996 1055 1129 1083 curvae
1161 1042 1201 1100 in
1218 1031 1287 1079 his*

163 1125 208 1154 ce
233 1113 383 1164 punctis
406 1115 573 1163 faciunt,
591 1127 701 1163 quam
713 1115 847 1154 lineam
869 1116 951 1155 AB
975 1113 1192 1154 Fontenelle
1215 1123 1280 1160 ap—

163 1183 319 1232 pellavit
334 1185 519 1224 evolutam
532 1185 798 1233 imperfectam.
835 1183 980 1224 Deinde
999 1185 1188 1223 Reaumur
1212 1183 1280 1220 hac

166 1252 214 1292 de
237 1255 385 1292 evoluta
407 1266 524 1303 pauca
546 1255 688 1302 edidit,
717 1263 753 1293 et
778 1257 923 1293 tandem
947 1254 1134 1301 Lancret,
1161 1264 1182 1291 a
1203 1261 1280 1298 quo

163 1323 300 1362 haecce
322 1325 472 1363 evoluta
503 1323 718 1372 imperfecta
748 1324 936 1363 nominata
973 1331 1030 1361 est
1050 1333 1164 1361 curva
1196 1330 1283 1358 evo-

162 1391 294 1430 lubilis
342 1392 656 1442 (developpo'sde)
703 1401 740 1431 et
782 1403 897 1431 curva
952 1391 1030 1440 ipsa
1075 1387 1284 1438 traJectoria

165 1469 342 1509 tanquam
383 1472 500 1499 unum
536 1463 767 1509 eundemque
811 1460 988 1508 angulum
1023 1458 1164 1498 faciens
1195 1469 1282 1497 cum

166 1530 276 1572 lineis
308 1530 419 1571 rectis
434 1558 449 1579 ‚
478 1542 571 1579 quae
588 1532 633 1570 ad
657 1542 734 1569 eam
759 1530 843 1569 sunt
868 1531 1014 1569 ductae.
1067 1529 1170 1568 Haec
1197 1541 1285 1568 evo-

166 1607 247 1647 luta
259 1599 459 1649 inperfecta
485 1608 629 1648 praeter
646 1600 734 1639 alias
755 1601 822 1638 hac
849 1599 940 1637 mira
961 1599 1096 1648 gaudet
1115 1599 1285 1649 proprie-

168 1677 270 1718 tate,
310 1670 659 1711 scincet-evolutam
688 1668 889 1718 perfectam
916 1669 1175 1721 cujuscunque
1197 1680 1288 1708 evo-

167 1738 268 1777 lutae
303 1739 541 1789 imperfectae
574 1739 650 1778 esse
685 1741 871 1779 evolutam
909 1738 1162 1787 imperfectam
1198 1751 1288 1778 evo-

167 1809 268 1849 lutae
291 1808 484 1861 primariae
499 1837 514 1858 ,
540 1817 578 1848 et
593 1810 780 1850 evolutam
804 1808 1059 1859 imperfectam
1085 1809 1288 1860 cujuscun-

1215 1890 1290 1929 que

171 1991 174 1996 ¹
214 2005 249 2042 1)
266 2006 366 2036 Conff.
390 2006 445 2036 La
467 2005 610 2042 croix,
643 2007 752 2036 1.1.1.
772 2007 800 2044 §.
821 2014 886 2043 234.
906 2015 975 2043 pag.
993 2008 1063 2044 4⁶⁰·
1087 2006 1213 2034 Henn.
1235 2005 1288 2036 Μ,

174 2064 205 2101 S.
228 2071 294 2101 143.
312 2070 380 2098 pag.
404 2071 458 2098 ¹23
479 2064 563 2099 seqq.
586 2065 758 2101 Cramer,
781 2066 839 2093 1.1.
860 2065 889 2102 §.
909 2073 980 2102 119,
1000 2071 1069 2100 pag·
1084 2070 1153 2094 511.
1175 2060 1289 2090 Eulez

181 2120 229 2156 ri,
247 2121 362 2149 Introd.
388 2120 419 2148 in
435 2122 512 2150 anal.
534 2121 591 2150 inf.
618 2123 652 2150 P.
675 2122 716 2151 11.
747 2130 815 2158 pag.
839 2131 913 2159 173,
942 2123 971 2160 §.
994 2131 1050 2159 519
1079 2121 1166 2157 seqq.
1195 2125 1226 2147 et
1249 2118 1289 2146 dc

108 2191 115 2198 ·
175 2177 303 2213 cuspide
321 2177 469 2207 secundae
489 2178 624 2214 speciei,
644 2187 712 2214 pag.
738 2189 811 2216 179,
833 2181 862 2217 ς.
885 2187 952 2215 3³3·
982 2180 1022 2210 de
1052 2187 1111 2217 qua
1131 2178 1175 2208 cf.
1202 2175 1290 2206 PHO-

185 2231 279 2271 nital,
298 2234 386 2265 Δηώ.
406 2234 460 2265 des
480 2234 537 2265 inf.
560 2243 624 2272 pet.
643 2243 676 2272 p.
703 2244 776 2274 ποι,
796 2236 824 2274 S.
846 2246 912 2274 109·
