1560 2860
317 266 373 311 14
673 266 1058 316 ORATIO.

307 406 577 463 illustrarint,
609 408 871 462 exornarint,
900 408 1015 452 varia
1047 407 1209 454 ratione
1244 415 1411 469 tempe,-

302 487 468 542 ,rarint3
499 486 620 530 veluti
665 484 1032 543 Xenophanis
1073 485 1241 530 decreta
1275 487 1410 532 Par-

309 563 554 608 menides
582 561 785 614 excoluit,
816 561 1045 605 Alberti
1069 562 1240 621 Magni
1269 563 1410 609 Tho-

305 653 410 684 mas
451 637 733 694 Aquinas,
776 636 974 681 Kantii
1014 636 1407 686 Reinholdius

306 722 453 775 pater,
483 714 693 758 Jacohii
717 714 1282 776 Boutervecius,(10)
1299 718 1407 762 alio-

304 807 400 837 rum
425 791 507 836 alii.
566 790 804 835 Proximam
832 791 940 836 enim
968 793 1258 850 cognationem
1293 808 1408 850 esse,

307 868 391 926 qua
430 867 683 925 singularum
728 868 1040 927 disciplinarum
1080 877 1271 916 auctores
1309 885 1406 917 cum

304 946 530 991 earundem
560 946 733 989 alumnis
765 946 973 1002 conjuncti
1000 948 1288 1004 reperiantur,
1319 955 1407 993 tam

304 1023 416 1067 clare
439 1021 566 1065 cuivis
593 1021 820 1065 attendenti
852 1020 1067 1075 elucescit,
1095 1029 1140 1066 ut
1172 1023 1406 1069 cultissimis

301 1097 350 1142 id
381 1096 654 1142 Auditoribus
686 1097 971 1142 demonstrare
1010 1112 1178 1144 necesse
1216 1114 1303 1144 non
1334 1101 1402 1147 sit.

304 1174 574 1232 Quamquam
591 1206 603 1228 ,
642 1172 917 1218 diversissime
943 1181 1198 1234 temperatae
1231 1176 1404 1234 hujusce

301 1249 614 1294 necessitudinis
650 1250 812 1294 ratione
842 1265 892 1295 ac
930 1252 1087 1296 caussis
1125 1252 1404 1312 indagandis,

303 1326 634 1386 copiosissimum
691 1327 815 1371 studii
861 1342 910 1372 ac
949 1329 1164 1374 doctrinae
1203 1337 1404 1388 tanquam

302 1403 499 1462 pabulum
524 1403 700 1447 inveniet
732 1404 879 1448 mentis
905 1405 1108 1450 humanae
1142 1421 1405 1466 cognoscen-

302 1479 381 1524 dae
406 1480 580 1538 cupidus
611 1481 782 1525 animus.
844 1482 1002 1535 Veluti,
1039 1483 1153 1527 haud
1182 1485 1270 1528 sine
1298 1499 1404 1529 nos-

299 1557 366 1599 tra
381 1587 394 1609 ,
434 1563 482 1600 ut
508 1571 656 1615 spero,
686 1557 883 1611 utilitate,
925 1572 1017 1602 cum
1042 1560 1402 1607 Commilitonibus

297 1633 505 1690 inquirere
535 1634 676 1686 soleo,
721 1635 794 1690 qui
828 1635 982 1678 factum
1009 1635 1082 1689 sit,
1128 1643 1174 1680 ut
1201 1652 1250 1681 ex
1279 1637 1400 1684 unius

299 1710 414 1754 fonte
437 1710 468 1754 S
482 1724 507 1754 o
522 1709 696 1753 cratis
724 1717 787 1753 tot
813 1710 1077 1755 diversissimi
1101 1713 1272 1758 fluerent
1296 1715 1404 1761 Phi-

297 1785 517 1846 losophiae
547 1785 691 1840 rivuli,
735 1794 858 1843 atque
891 1795 937 1831 ut
971 1803 1021 1832 ex
1055 1789 1239 1846 ejusdem
1271 1791 1404 1836 disci-

296 1863 412 1922 plina
455 1870 496 1908 et
536 1862 913 1908 Antisthenes
949 1866 1298 1924 progrederetur,
1330 1869 1402 1926 qui

298 1940 346 1984 in
377 1941 460 1985 una
496 1943 694 1994 virtute,
743 1947 783 1984 et
822 1940 1193 2002 Aristippus,
1251 1945 1400 2003 quiin

298 2018 388 2062 sola
415 2021 647 2074 voluptate
678 2017 800 2061 finem
829 2018 1036 2063 bonorum
1071 2021 1182 2064 cerni
1210 2028 1376 2081 putaret
1386 2039 1399 2078 3

282 2105 395 2137 'cum
409 2092 641 2153 Epicuri
670 2101 816 2138 contra
836 2095 1026 2154 discipuli
1050 2112 1135 2142 uno
1160 2112 1304 2143 onmes
1324 2113 1399 2143 ore

297 2170 489 2229 Magistri
504 2170 656 2216 dictata
671 2171 844 2215 reddere
870 2173 1064 2218 solerent.
1083 2198 1130 2205 -
1147 2175 1302 2218 Verum
1318 2174 1397 2219 alia

228 2263 234 2266 ·
295 2247 538 2306 accipiatis,
562 2255 607 2292 ut
633 2247 889 2292 tenuioribus
918 2249 1038 2293 veluti
1064 2251 1245 2308 vestigiis
1270 2251 1392 2310 inge-

297 2323 353 2367 nii
378 2323 781 2380 hnmaniincessum
816 2325 1061 2388 odoremini.
1119 2327 1236 2386 Quae
1266 2327 1393 2386 igitur

1342 2403 1394 2448 de
