1483 2860
377 260 896 314 LITERARIA.
1156 258 1208 309 ³2}-

77 374 230 426 r'no'n'd
246 373 319 424 um
360 373 544 434 optimum
585 376 621 419 e't
661 379 937 428 integerrimum
966 357 1212 428 'Virum-arc·-

78 443 218 494 tisiinia
244 444 513 494 consuetudine
538 442 612 491 'fibi
645 442 858 489 devinctum
891 446 1067 486 habebat.
1110 441 1208 482 Cum

78 527 152 565 hoc
192 524 313 582 amico
335 524 519 575 quotidie
546 524 591 560 de
615 512 764 576 lubrico
802 517 1050 558 rerum'statu
1103 498 1215 552 disse-

80 588 211 644 rebat’‚
240 609 324 635 cum
363 595 436 634 hoc
472 597 604 633 omnes
624 583 728 631 ‘suas
762 589 978 628 molitiones
1009 583 1217 641 communi-

78 667 201 707 cabat‘
222 676 335 715 atque
358 663 620 710 deliberabat,
661 662 754 711 quid
779 652 971 710 'agendum
1008 649 1136 702 esset,>
1172 649 1217 691 ri‘t

80 735 177 776 salva
225 727 441 776 redderetur
480 724 708 784 res-publica.
763 732 855 771 Non
892 731 923 768 is
962 736 1038 765 erat
1075 727 1220 765 Pere-

79 815 274 855 notus,
323 807 390 856 qui
427 807 487 845 vel
511 793 734 854 ἡμεεέὶηῑε,
775 799 1010 853 νεΙωὶῃίε,
1051 795 1113 835 vel
1151 795 1222 833 ob·

80 877 370 915 trectationibus
418 875 527 914 facile
574 866 674 913 flecti
714 880 751 911 et
786 873 831 910 ad
865 870 1017 909 meliora
1061 866 1222 905 consilia

84 948 213 996 reduci
248 947 394 997 posset.
472 947 601 997 Quare
627 940 894 992 praetermissis
930 933 1108 978 omnibus
1144 942 1223 975 am-

85 1017 275 1066 bagibus,
303 1026 403 1056 recta
436 1017 496 1055 via
527 1014 842 1064 progrediendum
878 1021 1055 1058 armaque
1090 1007 1225 1046 contra

29 1087 31 1092 '
84 1086 170 1125 eum
210 1088 387 1125 vertenda
429 1094 545 1123 erant.
609 1085 741 1131 Itaque
779 1081 860 1119 Gu
883 1080 1104 1118 lielmus
1136 1086 1224 1114 cum

86 1157 123 1197 E
137 1168 161 1205 g
173 1168 208 1194 m
224 1168 248 1194 o
264 1168 290 1195 n
305 1157 330 1194 d
345 1168 386 1203 o,
415 1155 454 1193 H
471 1166 494 1193 o
509 1164 565 1192 rn
580 1165 599 1191 a
611 1164 635 1190 n
651 1164 674 1191 o
699 1153 859 1199 aliisque
881 1142 1011 1187 multis
1029 1148 1226 1195 Belgarum

86 1220 308 1275 proceribus
341 1226 468 1263 literas
517 1224 564 1263 ad
607 1234 729 1271 regem
781 1221 981 1258 mittendas
1020 1216 1098 1255 esse
1141 1225 1228 1254 cen—

87 1297 178 1336 suit.
231 1294 385 1347 Quibus
419 1296 510 1334 haec
543 1305 638 1331 vero
661 1282 980 1333 continebantur:

89 1368 92 1371 ⁴
145 1397 171 1416 „
187 1367 333 1405 Omnes
360 1365 482 1413 Belgii
507 1363 610 1402 cives
628 1391 641 1410 ,
669 1361 735 1410 qui
749 1350 934 1409 praeclare
970 1357 1015 1394 de
1038 1353 1230 1405 republica

95 1467 121 1489 „
145 1437 310 1476 sentiunt
326 1466 338 1485 ‚
355 1437 485 1477 dolent
502 1446 543 1472 ac
566 1422 671 1482 aegre
693 1431 822 1470 ferunt
836 1458 849 1476 ‚
878 1425 1069 1477 regiminis
1091 1433 1231 1462 nomen

97 1537 125 1558 „
148 1519 263 1557 penes
294 1506 522 1554 Margari
541 1513 666 1549 tam,
693 1502 769 1540 vim
792 1510 908 1550 penes
930 1499 1231 1536 Perenotum

99 1607 124 1628 „
150 1577 241 1617 esse.
296 1560 407 1615 Ni'hil
443 1576 598 1613 omnino
637 1572 730 1610 boni
767 1572 813 1624 de
855 1566 1057 1617 republica
1082 1576 1233 1613 sperare

99 1678 126 1699 ‚‚
150 1648 269 1694 licet,
306 1647 427 1685 donec
461 1646 606 1691 homo,
634 1640 795 1690 ‘regendi
830 1620 1234 1687 cupiditate'protrac-

99 1748 125 1770 ,‚
150 1728 213 1757 tus
230 1745 244 1766 ,
271 1717 417 1766 populo
437 1727 549 1764 quam
563 1710 903 1755 maxfflminvisus,
931 1709 970 1745 in
997 1706 1129 1755 Belgio
1152 1715 1235 1742 mo-

102 1819 128 1840 „
153 1798 272 1828 ratur.
326 1788 452 1838 Quam
481 1785 531 1823 ob
555 1796 630 1821 rem
662 1783 771 1820 talem
804 1780 928 1818 virum
967 1790 987 1815 e
1017 1774 1148 1823 Belgio
1177 1785 1236 1811 re-

103 1888 130 1910 „
155 1870 336 1906 movere,
374 1856 486 1895 nobis
522 1853 703 1903 praestare
730 1851 881 1889 videtur
896 1877 909 1896 ‚
953 1858 1065 1895 quam
1081 1872 1096 1894 ‚
1121 1844 1233 1883 unius

103 1935 129 1979 '‚‚
154 1919 319 1968 hominis
346 1926 487 1976 gratia,
528 1932 652 1962 totum
680 1914 866 1970 populum
900 1917 1104 1955 offendere.
1172 1915 1234 1953 Ne

106 2028 132 2050 ,‚
156 2011 249 2038 vero
270 2006 381 2048 putes
396 2025 409 2045 ‚
436 1993 698 2044 augustisfime
710 1992 820 2038 Κεὶς,
846 1999 919 2026 nos
940 1987 1026 2025 talia
1051 1995 1203 2025 exorare
1219 2011 1235 2031 ‚

104 2100 137 2121 ‚‚
163 2079 207 2110 ut
244 2058 531 2116 nobismetipsis
574 2065 751 2114 niaJ'orem
791 2057 1001 2110 potentiam
1041 2053 1235 2103 compare-

111 2170 136 2191 „
162 2152 261 2180 mus.
315 2138 458 2178 Omnes
498 2136 604 2175 simul
652 2145 725 2172 nos
765 2139 946 2170 testamur
973 2135 1149 2177 paratos,
1189 2124 1237 2163 ad

113 2239 139 2261 „
163 2210 456 2250 consiliariorum
481 2217 633 2246 munere
660 2203 901 2249 abeundum3
932 2211 1010 2248 quo
1037 2183 1140 2237 nunc
1164 2207 1238 2234 no-

116 2308 145 2335 „
168 2281 268 2320 mine
291 2280 440 2330 quidem
465 2307 479 2330 ,
504 2289 580 2317 non
608 2287 698 2316 vero
724 2273 825 2314 facto
857 2270 1066 2321 fungimur.
1119 2266 1238 2318 Quod

1137 2366 1163 2386 ‚,
1189 2336 1235 2376 ad
