1483 2860
271 174 327 239 <¹2⁸
492 162 1164 227 οοΜΜΕΝΤΛτιο

269 281 488 343 trariarutn,
516 288 631 325 quae
629 275 770 314 adsunt
794 275 843 313 in
857 272 1146 322 aequationibus
1168 273 1282 326 lineae
1306 280 1386 325 tan

277 349 424 400 gentis,
454 355 490 386 et
526 345 664 394 quibus
705 345 783 394 eJ'us
818 342 955 392 speeies
992 350 1045 380 et
1046 341 1201 395 pofitio.
1216 342 1389 384 determi-

279 412 438 466 nantur3
468 418 493 456 fi
520 417 588 454 hae
617 414 830 453 arbitrariae
861 425 933 462 ope
955 412 1211 451 conditionum
1240 422 1391 471 contac-

280 497 343 527 tus
373 488 443 527 sint
468 486 752 532 determinatae,
778 494 834 521 est
865 484 996 522 haecce
1017 483 1111 520 linea
1137 491 1290 532 tangens
1317 481 1391 531 ipsa

282 559 390 607 plane
433 555 686 594 determinata.
763 554 894 608 Itaque
924 563 1116 592 contactus
1154 552 1204 590 nti
1249 553 1393 591 ordinis

285 626 467 676 dependet
491 638 511 664 a
535 623 820 664 determinandis
858 631 971 668 n÷t
1004 622 1259 661 constantibus
1298 622 1395 660 arbi-

283 696 404 736 trariis
421 724 435 743 ,
465 707 558 744 quac
578 696 692 748 vulgo
723 696 898 732 elementa
926 702 1120 731 contactus
1147 694 1395 743 appellantur.

285 754 444 816 Quando
489 777 578 804 vero
628 750 799 814 aequat-io
852 763 1028 801 secundae
1078 763 1248 811 curvae,
1300 776 1397 812 quae

287 822 515 884 'propositam
545 834 703 882 ‘tangere
737 831 925 879 sumatur,
963 831 1130 870 continet
1172 845 1196 870 n
1230 831 1400 872 constan-

288 915 372 952 tes,
407 903 467 942 sed
495 912 644 956 tantum
686 887 810 940 η’-ι
852 900 1059 939 constantes
1107 912 1187 951 ope,
1217 902 1404 951 conditio·

289 985 378 1013 num
418 981 614 1018 contactus
652 971 734 1010 sunt
771 958 1054 1018 determinatae,
1107 980 1302 1012 contactus
1339 983 1404 1012 ,est

287 1047 368 1082 uno
403 1042 590 1081 inferioris
624 1041 794 1089 ordinis,
823 1053 931 1089 quam
964 1040 990 1079 fi
1024 1042 1200 1080 omnibus
1236 1043 1406 1081 constan·

288 1113 396 1151 tibus
418 1105 621 1151 'arbitrariis
648 1109 874 1149 satisfactum
897 1110 1003 1149 esset.
1058 1112 1156 1150 Hinc
1183 1101 1404 1161 contactus,

293 1182 321 1223 fi
349 1181 773 1227 omnibusrarbitrariis,
803 1193 897 1234 quae
921 1182 960 1218 in
985 1182 1205 1236 aequatione
1232 1182 1410 1227 secundae

291 1248 431 1292 'curvae
460 1252 613 1300 adsunt,
642 1253 756 1290 hocce
781 1251 891 1288 modo
925 1250 1148 1305 satisfactum
1179 1241 1260 1298 est,
1286 1252 1412 1290 nomi-

289 1333 346 1361 ·ne
381 1323 642 1370 osculationis,
678 1331 714 1360 et
754 1320 848 1359 linea
880 1319 955 1368 ipsa
989 1320 1138 1358 nomine
1177 1321 1409 1360 osculatricis

297 1391 581 1440 distinguuntur
611 1403 631 1429 a
665 1392 818 1439 vulgato
853 1390 1005 1429 nomine
1037 1399 1231 1430 contactus
1262 1401 1299 1430 et
1332 1401 1414 1431 tan·

292 1461 437 1513 gentis.
513 1461 642 1510 Itaque
678 1472 791 1500 curva
825 1461 1055 1507 osculati-ix,
1104 1462 1213 1511 cujus
1238 1463 1412 1510 aequatio

297 1532 466 1582 continet
495 1545 522 1570 n
554 1531 762 1577 constantes
800 1531 1035 1579 arbitrarias‚
1075 1530 1186 1569 habet
1212 1531 1415 1570 osculatio-

299 1613 382 1640 nem
418 1602 558 1640 ordinis
584 1602 632 1650 (n
648 1619 705 1628 —-
696 1600 792 1649 ι)·“.

353 1671 519 1710 Tandem
544 1681 600 1710 est
625 1670 889 1709 observandum
904 1699 917 1718 ,
946 1670 972 1709 fi
997 1680 1094 1710 unus
1118 1669 1416 1710 differentialium

305 1752 506 1790 quotorum
531 1750 752 1787 evanescat,
779 1740 1043 1778 transeundum
1071 1739 1147 1778 esse
1173 1741 1219 1779 ad
1247 1739 1419 1780 differen-

303 1811 445 1849 tialium
484 1820 642 1858 quotum
677 1809 816 1848 altioris
855 1809 1023 1856 ordinis,
1070 1822 1104 1848 e.
1132 1821 1170 1858 g.
1199 1809 1225 1847 si
1249 1811 1283 1847 P
1313 1820 1350 1849 et
1384 1811 1421 1862 Q

307 1890 556 1926 evanescunt,
584 1879 659 1917 esse
687 1879 951 1916 transeundum
986 1879 1031 1916 ad
1049 1878 1087 1915 R
1112 1887 1148 1916 et
1176 1888 1347 1928 ceteros,
1375 1890 1419 1920 ut

309 1951 426 1988 hocce
456 1949 568 1987 modo
601 1948 810 1986 arbitrariae
841 1947 1048 1985 constantes
1076 1947 1327 1999 definiantur,
1360 1932 1424 1991 ’uti

304 2019 501 2058 'nonnullis
530 2018 673 2056 casibus
709 2017 878 2063 accedit,
918 2029 995 2065 quo
1030 2017 1214 2067 efficitur,
1252 2028 1294 2058 ut
1329 2021 1426 2060 ordo

315 2098 510 2128 contactus
533 2100 608 2126 uno
631 2088 740 2126 altior
769 2086 813 2126 fit
842 2087 900 2136 1).

1317 2162 1356 2209 §-
1386 2162 1426 2212 6·

351 2257 385 2294 ι)
405 2254 499 2285 vida.
531 2254 582 2282 La
615 2254 789 2290 orange,
810 2254 832 2283 1.
852 2254 874 2283 1.
898 2255 933 2283 Ρ.
957 2253 996 2282 11.
1019 2253 1068 2283 ch.
1091 2252 1116 2283 1.
1136 2260 1213 2297 pag-³
1230 2262 1296 2290 170.
1319 2255 1368 2285 ch.
1383 2255 1425 2285 u.

1358 2312 1427 2343 2⁸⁸·
