1524 2850
257 252 282 295 4
561 238 1078 280 PRAEFATIQ

258 375 260 380 ,
311 349 370 388 De
395 348 474 398 ipso
501 359 623 390 autem
647 360 758 400 opere
797 349 889 387 mihi
914 349 1023 388 liceat
1046 349 1176 399 paucis
1204 350 1282 388 Vos
1310 360 1375 388 an·

259 428 297 458 te
326 431 495 460 monere.

258 522 261 526 .
309 487 399 540 Quo
436 489 567 528 melius
601 490 746 538 qualis,
784 489 907 527 medio
950 488 1095 528 saeculo
1135 490 1216 537 XI,
1266 487 1380 528 fuerit

258 558 497 597 Hierarchiae
530 561 700 597 conditio
736 560 1013 607 innotesceret,
1051 559 1238 608 primum,
1266 571 1379 607 quam

257 629 473 667 brevissime
495 630 686 668 historiam
714 630 974 668 moderaminis
997 629 1250 671 Ecclefiastici
1271 640 1376 667 enar-

257 700 407 737 randam
447 699 522 738 esse
565 701 710 749 putavi.
775 701 858 738 Nec
906 700 1029 738 minus
1071 700 1141 738 hac
1184 699 1223 737 in
1268 697 1378 736 causa

256 770 516 817 perscrutanda
542 779 658 818 'erant
694 771 901 816 anteriora,
960 770 1065 817 quod
1095 771 1211 807 multa
1249 768 1288 806 in
1330 768 1377 806 iis

257 838 528 895 continentur,
587 850 680 887 quae
727 839 914 888 Gregorio
964 839 1041 877 VII
1079 840 1126 877 ad
1179 839 1380 876 extenden-

258 909 341 947 dam
398 918 621 958 potestatem
670 910 813 948 auxilio
859 909 1013 947 fuerunt
1037 937 1051 956 ‚
1102 909 1283 956 quodque
1327 906 1380 944 ita

229 978 406 1023 ‚demum
449 980 548 1018 viam
589 991 821 1028 cognoscere
863 988 1058 1027 poteram,
1099 981 1175 1026 qua
1210 978 1256 1017 ad
1285 977 1380 1016 illud

255 1049 489 1087 auctoritatis
536 1049 729 1098 fastigium
770 1049 982 1098 posteriore
1028 1057 1197 1097 tempore
1246 1058 1380 1096 perve-

256 1119 381 1160 nerint
407 1119 593 1168 Episcopi
629 1120 807 1158 Romani.
874 1119 1002 1166 Dein,
1043 1119 1262 1166 quaestione
1308 1117 1380 1156 du·

258 1200 327 1236 ce,
384 1201 571 1238 exponere
616 1199 774 1228 conatus
813 1190 924 1236 sum,
982 1190 1022 1227 in
1062 1189 1237 1236 qualem,
1290 1199 1377 1226 cum

255 1260 434 1307 Europae
479 1259 654 1308 politicae
709 1259 964 1297 conditionem
990 1287 1004 1307 ,
1060 1268 1143 1296 tum
1191 1257 1380 1297 Ecclesiae

259 1337 297 1367 et
332 1330 514 1377 Paparum
559 1329 730 1377 inprimis
770 1322 1030 1368 auctoritatem
1075 1328 1290 1378 Gregorius
1321 1327 1380 1366 in·
1435 1355 1439 1359 «

256 1399 407 1438 ciderit.
467 1400 585 1438 Porro
630 1399 746 1448 ipsius
785 1399 899 1437 vitam
954 1399 1134 1447 privatam
1172 1407 1210 1437 et
1249 1399 1383 1438 Eccle-

258 1469 438 1509 fiasticam
474 1471 667 1518 enarravi,
695 1470 789 1508 illud
823 1468 1063 1518 praesertim,
1092 1469 1216 1516 quoad
1241 1468 1383 1516 potui,

259 1540 493 1588 propositum
506 1541 652 1579 servans
667 1569 681 1587 ,
707 1550 750 1578 ut
775 1539 1066 1587 investigarem,
1090 1538 1283 1586 quomodo
1299 1537 1385 1576 Hil-

258 1610 468 1650 debrandus
508 1610 583 1658 ipse
617 1610 685 1648 fibi
723 1611 818 1649 viam
850 1609 1080 1655 muniverit,
1132 1610 1207 1662 qua
1247 1616 1380 1656 postea

257 1678 466 1727 Gregorius
509 1680 710 1728 stupendos
749 1678 966 1729 progressus
1007 1677 1113 1716 fecit.
1175 1676 1383 1726 Perspectis

259 1751 406 1788 tandem
446 1750 561 1799 hujus
597 1752 717 1798 Papae
742 1750 838 1787 inter
870 1760 998 1787 omnes
1032 1747 1223 1786 clarissimi
1264 1747 1380 1785 variis

256 1820 369 1857 rebus
395 1820 529 1869 gestis,
557 1832 680 1858 earum
715 1819 869 1858 effectus
899 1828 935 1856 et
961 1817 1128 1866 sequelas
1158 1817 1383 1866 persequen-

257 1890 307 1929 do
346 1901 497 1927 munere
535 1889 736 1928 defunctus
782 1889 872 1927 mihi
915 1888 1019 1927 visus
1068 1889 1163 1927 sum.
1247 1887 1380 1935 Atque

258 1959 318 1999 his
351 1960 504 1999 totidem
541 1960 730 2008 capitibus
757 1958 994 2008 scriptionem
1020 1956 1195 2006 absolvi,
1233 1965 1278 1995 ut
1304 1967 1378 2006 po-

259 2029 344 2076 tui,
385 2041 462 2068 non
491 2041 534 2068 ut
560 2029 680 2068 volui.

313 2100 517 2148 Superest,
538 2108 580 2137 ut
612 2101 658 2138 de
683 2099 788 2137 libris
803 2128 816 2147 .,
841 2111 938 2147 quos
963 2098 1162 2145 consului,
1178 2108 1296 2146 pauca
1323 2095 1381 2136 di·

261 2179 356 2209 cam.
410 2169 466 2207 Ut
505 2168 738 2218 quaestionis
778 2169 989 2217 propositae
1023 2168 1236 2208 universum
1267 2178 1380 2216 argu-

260 2248 425 2277 mentum
459 2249 582 2278 mente
620 2240 752 2278 melius
776 2248 966 2287 tenerem,
991 2240 1036 2279 ad
1059 2239 1160 2289 ipsos
1191 2236 1384 2287 quaestio·

260 2309 320 2348 nis
358 2308 482 2349 fontes
510 2311 709 2349 escendere
734 2309 937 2359 constitui;
964 2309 1102 2350 horum
1140 2308 1269 2358 itaque
1293 2317 1383 2346 auc-

1327 2385 1386 2415 to-
