1524 2850
280 264 342 312 28
567 261 1102 311 ORATIO.

274 411 401 453 mus,
443 397 550 456 quid
588 403 829 457 temporum
856 395 1199 456 opportunitates
1226 394 1271 439 in
1297 408 1405 440 nos-

274 483 344 523 tra
376 475 542 521 valeant
574 472 847 519 institutione.
906 473 1040 518 Aliter
1072 471 1183 517 enim
1225 479 1337 516 artes
1363 478 1405 516 et

275 551 520 612 disciplinas
564 551 692 597 variis
756 565 802 595 se
854 550 1054 594 habuisse
1105 548 1368 608 temporibus
1390 580 1404 601 ‚

274 628 357 675 alio
380 629 510 674 modo
541 643 612 673 eas
637 628 805 673 saeculo
831 642 923 673 xv1
942 659 955 682 ‚
1000 627 1082 671 alio
1111 626 1280 670 saeculo
1307 640 1405 675 xix

273 707 459 752 excultas
484 706 613 751 fuisse
627 738 640 760 ‚
673 705 772 763 quia
805 705 909 749 aliae
946 703 1103 764 prioris
1119 735 1131 756 ‚
1168 703 1273 747 aliae
1291 716 1408 762 *pos-
1471 695 1473 698 ’

272 783 442 828 terioris
490 782 696 843 temporis
751 782 906 826 fuerint
954 781 1251 833 necessitates,
1311 778 1407 835 quis

270 871 363 904 non
398 859 546 904 videt?
589 859 665 904 Illa
694 871 844 918 nempe
882 857 1074 916 negotia,
1121 871 1230 914 quae
1271 854 1408 914 priori

271 935 347 980 illo
385 942 577 994 tempore
616 942 658 979 et
692 934 911 978 utilissima
959 940 1079 978 erant
1133 939 1175 977 et
1215 930 1409 991 gratissi-

270 1026 367 1067 ma,
422 1011 581 1056 nostris
631 1010 896 1070 temporibus
947 1009 1107 1054 inutilia
1148 1016 1188 1053 et
1239 1008 1407 1066 ingrata

270 1088 445 1143 vocari,
478 1083 724 1147 quotidiana
755 1087 1011 1147 experientia
1041 1087 1179 1130 docet.
1214 1086 1300 1144 Qui
1325 1085 1408 1144 igi-

268 1171 341 1213 tur
382 1165 468 1209 hoc
508 1165 590 1210 sibi
629 1171 920 1224 proponeret,
961 1170 1007 1207 ut
1046 1171 1194 1208 nostra
1237 1162 1410 1208 institu-

269 1241 332 1287 tio
359 1241 470 1287 utilis
508 1241 583 1286 fiat
620 1248 662 1286 et
697 1241 913 1284 fructuosa
930 1272 942 1294 ,
974 1240 1011 1283 is
1052 1239 1190 1284 varias
1234 1247 1407 1297 tempo-

268 1334 367 1364 rum
415 1318 669 1363 mutationes
713 1324 827 1362 recte
883 1323 1127 1376 cognoscat.
1202 1316 1260 1361 Et
1303 1331 1405 1360 vero

269 1395 430 1456 duplici
457 1395 602 1452 modoj
614 1395 706 1439 illas
732 1394 971 1440 consideret
990 1401 1190 1453 oportet,
1218 1393 1404 1452 prim-um

271 1473 382 1520 enim
411 1472 596 1517 animum
624 1472 817 1517 advertat
846 1472 902 1516 ad
930 1479 1131 1516 mutatam
1166 1485 1262 1515 cum
1297 1469 1405 1529 ipsis

268 1549 535 1610 temporibus
563 1548 854 1608 disciplinam,
885 1555 975 1591 tum
1002 1547 1141 1591 videat
1166 1545 1270 1603 quid
1294 1553 1406 1590 tem-

268 1640 426 1686 porum
468 1626 746 1680 mutationes,
779 1624 883 1683 quid
909 1639 1050 1669 rerum
1079 1623 1374 1669 conversiones
1391 1655 1404 1678 ,

268 1703 315 1749 in
345 1703 438 1748 illas
488 1701 708 1748 effecerint
745 1718 814 1749 res
828 1734 842 1757 ‚
887 1702 1136 1759 quibuscum
1182 1700 1405 1760 disciplina

270 1778 474 1824 affinitate
509 1779 813 1838 conjungatur,
845 1777 1081 1836 quibusque
1107 1776 1374 1825 adhibeatun

329 1855 497 1914 Quodsi
549 1856 813 1899 attendamus
880 1854 935 1898 ad
997 1853 1241 1913 disciplinas
1281 1853 1372 1914 illas
1392 1885 1405 1907 ,

270 1947 380 1991 quae
426 1932 589 1977 artibus
645 1931 872 1992 praecipue
936 1930 1222 1985 adhibentur,
1282 1930 1404 1979 facile

267 2009 430 2070 patebit
445 2024 592 2055 omnes
607 2041 620 2063 ,
649 2016 690 2053 et
712 2023 817 2068 prae
843 2008 1018 2054 caeteris
1047 2008 1256 2052 chemiam
1273 2040 1285 2061 ,
1304 2023 1405 2053 sae-

269 2088 365 2136 culo
397 2102 533 2134 xvl11
577 2094 617 2131 et
647 2086 752 2146 ipsis
784 2086 937 2143 quibus
978 2085 1153 2130 vivimus
1194 2084 1405 2145 tempori-

267 2163 349 2209 bus
374 2163 594 2223 insigniter
610 2162 738 2208 fuisse
767 2169 923 2207 auctas.
958 2161 1113 2219 Quid?
1146 2161 1263 2218 quod
1292 2160 1403 2206 che.-

265 2242 394 2294 miam
433 2241 529 2302 plus
570 2241 696 2288 semel
722 2240 902 2288 sormam
932 2238 1100 2300 penitus
1126 2239 1216 2285 sere
1259 2245 1404 2286 muta-

1343 2312 1403 2362 vit
