1483 2860
274 285 328 336 3⁶
503 278 1172 324 COMMENTArro

274 390 351 431 suis
376 387 525 430 infidias
551 390 641 429 strui
679 390 842 430 curavit.
907 389 1049 429 Odium
1082 388 1192 427 suum
1223 397 1262 427 et
1306 398 1400 426 con-

270 460 350 499 filia
390 473 475 499 cum
528 460 655 499 amicis
709 460 999 498 communicavit
1021 488 1034 507 ,
1087 470 1229 506 eosque
1276 459 1398 496 omni-

272 529 345 568 bus
377 531 499 569 modis
535 530 735 578 incitavit,
774 539 817 568 ut
855 532 934 580 ejus
962 529 1119 578 vestigia
1159 528 1303 567 strenue
1340 529 1398 566 in-

271 601 488 647 c'ulcarent‚
539 601 637 650 regis
682 600 914 649 imperium,
967 609 1200 648 quocunque
1245 596 1397 647 possent

270 670 418 718 modo,
469 669 674 709 stabilirent
709 682 750 709 ac
791 670 1112 718 corroborarent,
1153 670 1394 708 Gulielmo

281 739 468 788 aliisque,
521 741 588 788 qui
624 741 764 790 patriae
801 742 884 791 iura
927 751 969 779 ac
1011 740 1204 789 privilegia
1241 739 1399 778 tueban-

266 810 355 851 tur,
389 804 540 842 fortiter
571 814 837 853 repugnarent.
911 805 1043 853 Itaque
1079 806 1214 842 malum
1237 833 1251 852 ‚
1292 803 1397 851 quod

267 862 440 922 plerique
474 875 637 912 deletum
673 874 884 923 putabant,
923 874 1074 922 viperae
1103 873 1243 921 instar,
1271 884 1396 921 usque

266 940 435 992 serpebat
454 952 567 992 atque
591 943 847 983 Gulielmi
869 943 1045 993 fingulari
1069 943 1267 992 prudentia
1293 954 1398 992 mag·

265 1023 407 1061 nopere
440 1014 647 1063 indigebat.

274 1085 276 1087 ’
314 1083 418 1121 Inter
449 1083 694 1122 Perenoti
737 1084 877 1122 amicos
911 1084 977 1133 qui
1014 1085 1054 1123 vi
1095 1092 1132 1122 et
1170 1083 1393 1122 auctoritate

265 1152 461 1202 ponebant
482 1181 496 1200 ‚
543 1153 714 1202 inprimis
762 1151 1090 1202 conspiciebantur
1138 1154 1359 1203 Viglius
1380 1181 1394 1200 ‚

263 1223 613 1271 Barlaimont‚
641 1223 927 1272 Aerschot,
971 1222 1263 1272 Mansfe1d‚
1291 1224 1389 1262 Me-

265 1304 365 1343 gen
403 1301 440 1331 et
487 1293 783 1342 Aremberg.
855 1295 1030 1344 Quorum
1081 1306 1171 1332 vero
1221 1293 1391 1332 omnium

265 1363 426 1402 maxime
451 1363 752 1402 extimescendus
788 1373 865 1402 erat
894 1364 1107 1413 Viglius
1125 1392 1138 1411 ,
1167 1373 1301 1412 utpote
1327 1363 1396 1411 qui

258 1442 302 1472 et
335 1433 486 1482 ingenio
531 1443 568 1471 et
605 1433 818 1472 honoribus
855 1434 1057 1482 plurimum
1103 1434 1141 1471 in
1178 1434 1392 1482 Republica

266 1505 424 1543 valeret.
480 1503 594 1542 Hunc
633 1503 778 1551 igitur,
829 1514 908 1542 non
946 1504 1003 1541 uti
1043 1512 1150 1541 antea
1190 1504 1280 1542 Per
1294 1515 1400 1542 eno-

264 1582 370 1613 tum
419 1574 570 1614 fortiter
608 1575 858 1622 impugnare,
909 1572 971 1611 sed
1008 1574 1190 1611 amicitiae
1236 1573 1394 1612 necesfi-

265 1644 398 1682 tudine
434 1645 505 1683 fibi
554 1644 751 1683 devincere
791 1643 1095 1684 Gulielmus
1131 1643 1273 1681 summe
1316 1644 1391 1682 stu-

260 1715 360 1755 duit.
410 1717 579 1755 Frustra.
626 1736 684 1747 -·-
731 1714 951 1764 Viglius
994 1715 1110 1763 Regis
1164 1713 1390 1762 imperium,

259 1785 506 1834 quantumvis
541 1796 716 1834 magnum
749 1792 786 1822 et
814 1784 977 1822 libertati
1004 1783 1184 1828 infestum
1215 1784 1313 1822 tueri
1350 1794 1394 1823 ac

261 1854 303 1893 in
338 1856 504 1893 consiliis
533 1854 609 1893 suis
630 1855 785 1893 firmiter
810 1854 1037 1903 perseverare
1066 1854 1246 1892 decrevit.
1270 1854 1356 1903 (1).

276 1970 281 1974 ι
315 1919 462 1957 Eodem
499 1920 610 1967 plane
651 1919 765 1956 modo
808 1917 1190 1956 Barlaimontii
1227 1918 1393 1956 animum

272 1987 415 2034 flectere
455 1997 613 2025 conatus
652 1995 723 2026 est.
788 1986 905 2025 Domi
945 1986 1028 2023 suae
1077 1986 1198 2024 Aurei
1249 1987 1397 2026 velleris

273 2058 432 2106 Equites
467 2055 694 2096 convocavit
737 2065 852 2105 atque
891 2068 976 2094 cum
1014 2056 1061 2094 iis
1087 2056 1240 2095 consilia
1266 2057 1391 2109 cepit,
1450 2076 1472 2094 >.

269 2126 362 2176 quid
414 2126 596 2174 agendum
635 2124 729 2163 esset
769 2125 816 2163 ad
855 2124 1115 2175 Inquisitionis
1158 2126 1394 2175 asperitatem

388 2205 390 2208 ·
1322 2208 1392 2236 mi-

295 2320 360 2362 (x)
379 2324 451 2356 Vid.
476 2323 680 2363 schiller,
701 2326 761 2363 Op.
783 2327 806 2356 ι.
828 2333 906 2357 caet.
925 2326 981 2358 lib.
1001 2326 1040 2357 u.
1061 2334 1132 2364 pag.
1158 2335 1227 2358 212.
