1560 2860
490 296 881 346 ORAT10.·
1186 299 1245 345 19

119 439 273 498 ingenii
314 438 506 485 viserat
541 438 586 483 in
614 439 986 497 Anaxagora,
1027 437 1124 496 qui,
1161 439 1239 484 etsi

120 516 163 560 in
192 515 338 560 mediis
379 515 688 575 superstitionis
725 515 888 560 umbris
924 522 1046 559 natus
1075 515 1236 560 educa-

119 601 293 651 tusque,
322 601 448 650 atque
487 608 515 637 a·
552 596 775 650 Physicis
810 593 1052 652 profectus,
1081 591 1126 636 in
1152 594 1236 636 un&

116 670 292 714 materia
326 670 468 714 rerum
494 669 749 729 principium
788 669 1112 727 quaerentibus,
1141 669 1238 729 pri-⁴

114 762 207 791 mus
250 754 392 791 tamen
432 747 617 791 omnium
651 747 695 790 in
721 746 992 806 Philosophis
1034 745 1235 800 Graecis,

116 825 268 868 Deum
291 826 497 867 Mentem
514 857 526 878 ,
559 839 584 868 a
609 824 768 868 mundo
797 829 1079 882 segregatum,
1109 822 1235 880 hujus

115 900 434 946 Fabricatorem
484 916 574 946 esse
616 897 1037 958 Gubernatoremque
1062 932 1074 953 ,
1120 900 1234 945 clare

117 978 275 1022 videret
313 978 558 1022 aediserte
597 978 928 1023 demonstraret!
970 976 1086 1037 (15)
1126 976 1233 1036 Quis

119 1068 207 1097 non
247 1054 544 1098 Platonem
582 1060 622 1097 et
664 1053 893 1098 Stoicos
934 1053 1137 1108 miratur,
1180 1054 1235 1098 de

117 1129 412 1183 Providentia,
443 1144 529 1173 non
555 1128 691 1175 minus
724 1132 935 1189 eleganter
965 1146 1092 1189 quam
1128 1131 1237 1176 sub-

114 1205 261 1260 tiliter,
304 1205 590 1250 disserentes?
650 1205 778 1265 Cujus
831 1222 934 1251 non>
971 1207 1234 1267 obstupescit

114 1282 302 1336 animus,
341 1282 416 1327 uhi
459 1283 730 1327 Thomam
756 1281 1109 1341 >Aquinatem
1151 1297 1231 1328 ca·-

110 1360 335 1418 ligfflosae,
369 1358 458 1417 qua
488 1360 677 1414 vivebat,
708 1361 846 1406 noctis
888 1361 1084 1406 tenebras
1107 1361 1231 1405 illus-‘-

111 1444 292 1482 trantem
334 1437 482 1482 viderit
517 1453 594 1497 per
620 1438 944 1497 disputationem
969 1452 1052 1498 pro
1077 1436 1230 1483 Numi-⁴

111 1514 177 1558 nis
219 1514 304 1559 vita
343 1515 567 1574 probanda
609 1519 925 1573 teleologicam
948 1548 960 1569 ‚
1006 1515 1076 1559 cui
1122 1514 1228 1559 nihil

111 1605 365 1651 magnopere
393 1592 448 1635 ad
474 1592 773 1650 perfectionem
804 1593 998 1637 deesset?
1028 1592 1124 1650 Qua
1150 1593 1228 1637 κτα-4

109 1667 325 1712 neratione
360 1682 504 1712 omnes
532 1683 629 1722 nos,
662 1668 739 1713 etsi
773 1670 883 1714 sorte
922 1670 1045 1728 longe
1083 1667 1226 1717 diver-5

109 1759 200 1789 sam
229 1744 561 1805 philosophandi
596 1745 802 1790 rationem
840 1745 996 1800 secuti,
1029 1744 1226 1790 Carte-

109 1821 247 1866 sium
278 1822 526 1881 suspicimus
542 1855 555 1876 ,
587 1823 653 1867 cui
678 1824 767 1867 sola
792 1824 1003 1868 sufficeret
1023 1836 1225 1868 concessa

108 1898 232 1943 nobis
270 1903 505 1956 cogitandi
543 1901 718 1945 facultas
741 1933 754 1955 ,
797 1902 880 1958 qua
919 1908 960 1945 et
1002 1899 1140 1945 Deum
1183 1906 1225 1945 et

108 1976 310 2020 mundum
339 1976 484 2022 revera
514 1992 603 2023 esse
632 1977 872 2027 evinceret?
918 1977 1025 2035 Quis
1061 1992 1147 2021 non
1175 1991 1222 2022 se

53 2048 59 2056 “
105 2051 201 2111 ipso
240 2053 321 2098 sibi
361 2054 500 2110 major
536 2054 722 2109 videtur,
759 2054 832 2099 ubi
872 2053 1222 2099 Leibnitium

109 2128 313 2175 dicentem
338 2131 516 2176 audierit
543 2131 594 2176 de
620 2146 784 2176 summo
806 2130 1008 2185 Numine,
1025 2133 1222 2176 Monade

109 2203 178 2248 illa
210 2208 485 2262 Monadum,
517 2207 582 2252 cui
618 2209 692 2252 uni
729 2223 902 2261 omnes,
934 2215 1143 2265 quotquot
1177 2207 1223 2262 in

108 2280 312 2326 immensa
351 2284 434 2328 sint
473 2300 613 2329 rerum
646 2284 936 2339 universitate,
966 2287 1026 2328 M
1027 2287 1222 2338 onades,

109 2355 494 2407 humero'infinitas
504 2394 521 2417 ,
537 2361 818 2420 quodcunque
833 2362 928 2408 :sint
940 2402 943 2404 .
955 2361 1225 2418 habeantque

635 2438 672 2482 B
702 2441 732 2483 2
1176 2444 1217 2481 et
