1483 2860
289 258 361 296 108
505 255 1174 301 COMMENTATIO

333 369 473 408 Verum
495 398 510 418 ‚
562 379 755 417 utcunque
791 370 836 409 fit
855 399 870 419 ,
931 369 1055 410 classis
1102 370 1259 421 aliqu'us
1295 379 1394 410 certe

281 440 500 478 auctoritate
535 440 676 478 munita
712 439 789 478 esse
813 441 973 488 debuit,
1000 452 1072 489 ne,
1113 440 1272 479 aliorum
1295 441 1395 490 pira-

279 517 399 547 tarum
430 509 567 558 instar‚
595 509 761 550 omnium
796 512 1026 559 populorum
1062 510 1272 549 communis
1304 511 1396 550 hos·

279 577 328 616 tis
359 579 580 618 censeretur.
633 578 757 630 Quare
788 592 858 629 pro
895 593 1016 620 rerum
1054 581 1237 632 angustiis
1265 589 1302 619 et
1329 592 1400 630 pa-

276 647 368 686 triae
414 650 582 697 perIculo
630 651 830 699 prudenter
880 650 1040 690 Gulie
1054 653 1197 690 lmum
1238 651 1393 690 omnino

276 718 417 768 egisse,
445 719 536 758 mihi
576 719 786 769 persuasum
821 730 892 760 est.
947 722 1064 772 Quod
1091 722 1116 761 fi
1143 722 1268 761 classis
1288 733 1398 770 prae·

273 787 367 827 fecti
402 790 568 838 rapiendi
606 799 642 829 et
675 791 875 840 praedandi
905 790 1032 830 furore
1058 791 1276 840 obcaecati,
1301 791 1395 830 alio-

276 870 358 898 rum
393 870 662 907 nonnunquam
694 860 862 910 gentium
905 862 1053 910 navigia
1094 861 1278 901 molestiis
1314 862 1393 901 affi-

274 939 357 967 cere
395 940 474 968 non
513 930 730 969 dubitarunt
756 956 769 979 ,
813 931 886 970 hoc
936 932 1089 970 minime
1129 930 1394 970 Gulielmo

276 998 527 1048 imputandam
556 1009 628 1038 est.
680 1000 757 1038 Hic
777 1000 873 1039 enim
897 1013 983 1039 cum
999 1001 1266 1050 diplomatibus
1289 1000 1388 1049 suis,

276 1078 356 1108 tum
369 1069 586 1118 Bergensem
611 1070 740 1109 illicita
761 1070 926 1109 facinora
949 1071 1219 1120 aggredientem
1234 1071 1394 1120 punien-

276 1140 326 1178 do
342 1169 355 1188 ‚
370 1140 456 1188 satis
483 1140 676 1190 ostendit,
693 1139 728 1179 se
741 1139 787 1179 ab
812 1140 1000 1192 ejusmodi
1026 1138 1136 1179 factis
1159 1140 1396 1180 vehementer

274 1210 473 1250 abhorrere
500 1212 579 1261 (1).
1363 1255 1365 1257 .

325 1280 415 1330 Quo
445 1280 575 1319 melius
598 1283 857 1320 nauclerorum
881 1281 1110 1320 inconditam
1133 1281 1278 1320 turbam
1301 1292 1394 1320 con-

275 1350 410 1389 tineret
424 1379 437 1398 ,
478 1352 513 1389 L
526 1363 551 1389 u
565 1363 599 1389 rn
611 1351 635 1388 b
647 1363 664 1389 r
679 1363 698 1390 e
711 1351 753 1389 si
769 1363 794 1389 u
806 1362 842 1389 m
887 1352 955 1400 (2)
994 1351 1118 1390 classis
1161 1350 1391 1400 praefectura

276 1423 420 1460 ornavit
447 1432 642 1470 novasque
664 1423 764 1470 leges
797 1421 961 1460 confecit
978 1450 991 1469 ‚
1020 1421 1287 1470 quibus-inter
1304 1463 1305 1466 Ἴ
1322 1420 1393 1459 alia

274 1491 494 1540 constituit,
523 1502 566 1531 ut
608 1492 782 1530 omnibus
814 1492 898 1530 aliis
938 1489 1102 1530 confiliis
1139 1490 1392 1540 postpositis,

274 1560 313 1598 in
327 1561 418 1599 Alb
430 1573 451 1597 a
462 1572 487 1598 n
502 1573 525 1599 u
539 1573 573 1598 m
587 1570 730 1599 tantum
749 1572 847 1598 arma
861 1570 1046 1599 verterent
1059 1573 1073 1609 3
1104 1570 1146 1600 ut
1168 1572 1316 1609 quaque
1326 1571 1392 1599 na·

273 1630 312 1668 vi
334 1630 439 1668 verbi
455 1631 572 1668 divini
594 1631 765 1669 minister
790 1631 1016 1678 veheretur,
1045 1631 1112 1678 qui
1135 1631 1391 1680 navigantium

276 1700 420 1739 animos
440 1701 485 1738 ad
491 1700 716 1749 probitatem
732 1708 769 1738 et
785 1700 1099 1739 mansuetudinem
1118 1702 1374 1741 adhortaretur
1381 1714 1399 1751 ;-

275 1772 436 1818 denique
460 1780 501 1809 ut
522 1769 591 1808 fibi
614 1770 720 1808 tertia
744 1782 830 1819 pars
841 1771 998 1819 praedae
1016 1771 1282 1810 concederetur
1305 1771 1390 1821 (3).

326 1840 366 1879 Si
391 1840 578 1887 rationes,
595 1852 688 1888 quas
709 1840 747 1879 G
763 1840 841 1878 uli
857 1841 946 1878 clm
962 1852 986 1878 u
1000 1851 1018 1878 s
1044 1840 1109 1878 illo
1142 1848 1314 1889 tempore-
1339 1841 1393 1880 si·

275 1908 316 1947 bi
341 1918 424 1948 ante
462 1910 595 1948 oculos
622 1908 747 1959 posuit
783 1910 910 1958 paullo
939 1909 1148 1953 accuratius
1183 1910 1390 1951 confidera-

1307 1990 1391 2020 mus

314 2090 369 2128 (ι)
389 2089 455 2118 Vid.
479 2089 629 2124 Hooft,
652 2089 749 2123 op.1.
770 2095 838 2123 pag.
865 2095 931 2118 210.

313 2147 370 2184 (2)
391 2146 525 2176 Gilain
545 2153 614 2174 van
640 2145 835 2180 Fiennes,
858 2145 979 2172 Ridder
999 2154 1035 2173 en
1052 2146 1150 2174 Heere
1178 2151 1252 2175 van
1278 2145 1388 2174 Lum-

277 2204 381 2233 bres.
855 2230 857 2232 ,

316 2261 372 2298 (3)
394 2260 462 2291 vid.
485 2262 583 2296 Bor,
610 2261 670 2295 Op.
700 2263 723 2290 l.
750 2259 820 2289 Lib.
846 2260 882 2289 V.
912 2260 969 2289 sol.
999 2266 1054 2296 233
1081 2259 1148 2295 sqq.
1165 2272 1218 2299 ¹-
1240 2259 1386 2295 Hooft,

275 2318 323 2356 Op
351 2319 375 2347 1.
400 2319 466 2348 216.
486 2331 524 2340 —
543 2318 645 2348 Leven
667 2324 726 2347 cet.
747 2317 791 2347 11.
809 2324 876 2354 pag.
895 2323 961 2350 172.
1203 2327 1206 2331 ’
