1560 2860
454 263 833 310 ORATIO.
1148 260 1206 307 59

98 398 266 457 largitus
287 405 384 449 aest,
416 398 603 442 instituta
642 398 696 442 ab
725 397 818 456 ipso
845 400 900 440 de
932 413 1076 453 aquae
1104 413 1206 449 mq-

95 478 224 518 rinae
254 477 487 518 elementis
513 473 803 531 disquisitione
826 472 1029 517 chemica.
1081 471 1207 516 Mac-

93 558 136 599 te
169 553 293 595 vero!
349 558 486 594 macte
534 552 685 594 Vestro
729 550 800 594 illo
842 549 1005 601 honore
1043 555 1206 602 estote,

95 627 244 686 optimi
281 627 484 672 Juvenes!
529 628 752 671 Gaudeant
798 627 1015 671 vobiscum
1042 628 1208 672 Paren-

95 711 182 758 tes,
223 704 526 763 Praeceptores
544 734 558 756 ,
615 703 955 749 Commilitones!
1012 703 1082 755 Et.
1107 716 1208 748 vero

95 780 162 826 Tu
187 780 399 839 gaudeas,
430 780 657 825 clarissime
701 780 843 824 Suel·
856 782 1075 824 manne!
1111 780 1209 836 qui,

97 870 192 906 cum
240 858 332 917 ipse
381 857 532 902 eximia
582 857 817 902 Medicinae
857 857 979 901 laude
1026 857 1208 910 floreas,

97 934 203 979 duos
242 935 401 979 habeas
432 934 563 979 Filios
594 935 690 993 pios
725 935 971 992 bonosque,
1004 934 1060 978 ad
1094 935 1209 990 ejus-

99 1011 195 1056 dem
235 1011 368 1056 laudis
423 1010 664 1055 societatem
712 1011 887 1056 feliciter
938 1025 1213 1057 succrescen-

100 1090 187 1132 tes!
221 1088 324 1147 (39)

106 1355 111 1359 .
151 1319 250 1363 Jam
283 1319 432 1372 instat,
465 1326 508 1363 ut
534 1319 719 1364 breviter
747 1320 799 1364 de
827 1320 1067 1365 academiCa
1095 1321 1216 1364 dica-

98 1411 190 1441 mus
217 1410 312 1440 cum
340 1396 616 1455 supellectile,
649 1404 736 1440 tum
766 1397 1067 1442 aedificatione.
1129 1398 1216 1442 Bi-

101 1473 392 1518 bliotheca
427 1472 555 1531 igitur
597 1480 638 1517 et
679 1473 769 1518 aliis
809 1482 931 1519 aucta
969 1483 1031 1519 est
1067 1475 1215 1528 donis,

102 1557 144 1595 et
171 1553 490 1606 Diplomatum
518 1552 707 1594 Gelriae
743 1554 862 1595 libro
881 1584 893 1604 ,
943 1567 1068 1609 quem
1090 1554 1218 1602 *Tuae

103 1626 410 1673 munificentiae
445 1627 647 1671 debemus
688 1636 813 1685 atque
847 1636 1065 1687 acceptum
1102 1631 1218 1674 refe-

103 1705 258 1758 rimus,
317 1703 591 1748 illustrissime
634 1720 739 1749 van
785 1706 887 1750 der
925 1706 1150 1751 Borchi
1193 1708 1219 1751 a

103 1781 433 1828 ‚Verwoldel
479 1800 530 1813 —
591 1781 695 1826 Item
756 1783 930 1827 alterum
981 1784 1219 1844 accepimus

103 1874 281 1913 munus,
325 1859 500 1917 Regis
536 1873 713 1917 magnae
755 1859 1096 1905 Britanniae
1135 1876 1220 1907 no-

104 1937 215 1982 mine
228 1969 240 1990 ,
272 1952 297 1980 a
325 1936 360 1980 B
375 1951 399 1980 a
414 1952 436 1979 r
450 1950 478 1979 n
493 1951 518 1979 a
533 1952 554 1979 r
569 1935 625 1978 di
640 1949 666 1979 ο
678 1967 690 1988 ,
721 1936 824 1980 Viro
847 1936 997 1983 illustri
1021 1937 1192 1986 missum
1203 1971 1217 1993 ‚

39 2042 45 2050 -
107 2016 384 2070 Catalogzcm
408 2015 720 2056 Bibliothecae
746 2016 923 2071 Regiae
950 2018 1221 2061 Londinen-

107 2093 194 2144 eis,
225 2098 406 2148 quatuor
433 2090 641 2135 maximae
670 2091 830 2136 formae
859 2092 1068 2139 volumina
1097 2108 1222 2139 com-

111 2167 292 2226 plexum.

169 2243 220 2287 In
247 2243 434 2289 Horto
465 2243 803 2289 academico
834 2245 1008 2290 caldarii
1044 2247 1216 2305 manrIS

112 2319 224 2376 tubi,
267 2321 447 2366 calorem
472 2320 722 2378 afferentes,
762 2323 819 2369 ita
854 2331 951 2370 sunt
984 2326 1215 2378 emendati,

1170 2410 1215 2447 ut
