1483 2860
393 279 907 324 LITERARrA.
1056 276 1201 331 ἵης

79 386 297 430 det-icus
323 390 452 439 'patre
502 389 715 429 Albano
755 389 953 430 ferocitate
999 391 1099 432 haud
1141 393 1200 433 in-

75 454 193 496 ferior
227 467 365 498 tantam
402 471 471 508 per
497 459 627 498 urbem
659 460 812 510 stragem
844 461 988 509 edidit,
1015 471 1059 501 ut
1081 464 1203 502 carni·

74 525 168 566 fices
197 528 362 567 defessos
395 537 570 568 cruentae
593 531 716 569 caedis
749 532 910 570 taederet
935 532 1199 581 innumerique

74 597 179 637 cives
203 599 242 637 in
272 597 435 648 fossam,
463 610 558 649 quae
590 612 659 649 per
694 601 824 640 urbem
847 601 981 650 ducit,
1007 601 1201 652 immerge-

74 674 219 706 rentur.

127 735 257 786 Quum
292 736 456 776 Harlemi
479 737 667 778 calamitas
690 751 758 788 per
793 739 960 788 Belgium
993 740 1203 791 divulgare-

72 812 140 843 tur
164 804 304 846 summa
357 808 568 858 desperatio
616 809 784 848 omnium
823 819 978 859 pectora
1021 813 1197 860 perculit.

77 871 246 915 Maxima
277 875 420 925 ubique
453 878 630 927 regnabat
660 880 842 928 pecuniae
866 880 1050 930 penuria,
1087 883 1201 923 urbes

75 945 232 994 agrique
257 947 435 996 populata
461 956 564 986 erant
586 959 709 998 neque
733 950 893 998 aliquem
919 951 1099 991 malorum
1124 953 1203 992 exi-

80 1023 161 1054 tum
183 1016 231 1054 iis
255 1015 398 1065 sperare
417 1017 566 1058 licebat.
600 1019 726 1069 Quare
754 1020 848 1059 Son
861 1022 906 1071 oj
923 1033 1007 1069 uS,
1037 1022 1104 1071 qui
1123 1023 1205 1062 Fri·

78 1083 149 1123 fiae
170 1086 410 1126 occidentalis
437 1089 633 1137 imperium
661 1090 839 1138 tenebat,
866 1103 950 1130 cum
982 1092 1202 1134 confiliariis

77 1152 155 1194 suis
190 1155 432 1196 miserrimum
463 1170 583 1196 rerum
612 1159 743 1198 statum
780 1161 1049 1201 Gulielmo
1086 1175 1206 1212 expo·

77 1235 166 1264 nere
189 1226 371 1266 decrevit.
425 1228 605 1268 Omnium
648 1230 795 1269 animos
832 1231 925 1270 adeo
960 1233 1204 1281 perturbatos

78 1305 117 1335 et
136 1296 271 1337 timore
302 1300 492 1348 perculsos
529 1301 607 1339 esse
636 1301 805 1351 scripsit,
834 1312 877 1342 ut
899 1303 1000 1343 bona
1025 1304 1089 1345 sua
1124 1308 1206 1346 col·

74 1366 191 1417 ligere
225 1370 458 1419 patriamque
497 1371 708 1421 relinquere
751 1384 1059 1423 approperarent.
1126 1378 1206 1417 Ur·

77 1437 146 1476 bes
180 1450 259 1478 non
300 1439 386 1478 satis
427 1441 589 1481 munitas
633 1453 758 1492 neque
786 1444 970 1485 militibus
1006 1445 1203 1488 instructas

78 1507 185 1556 esse,
225 1521 320 1557 quae
350 1509 386 1548 se
414 1520 545 1551 contra
589 1512 759 1552 hostium
797 1514 873 1553 vim
908 1516 1006 1554 tueri
1032 1517 1203 1566 possent.

80 1576 224 1616 Omnes
250 1587 287 1616 et
312 1579 493 1628 agricolas
519 1589 556 1619 et
576 1582 788 1631 oppidanos
813 1585 859 1623 ad
888 1584 1064 1626 summam
1101 1599 1209 1638 eges·

78 1655 193 1687 tatem
230 1649 456 1697 pervenisse.
535 1650 691 1701 Quare,
729 1652 797 1692 nisi
838 1653 987 1694 aliunde
1021 1656 1205 1699 auxilium

79 1717 317 1766 mitteretur,
345 1718 521 1758 hostibus
564 1719 601 1759 se
638 1722 799 1770 amplius
835 1723 1003 1764 refistere
1025 1736 1105 1766 non
1141 1740 1209 1768 va-

77 1789 168 1828 lere.
221 1788 552 1829 Gulielmum
589 1790 706 1840 igitur
742 1792 920 1842 rogavit,
945 1803 990 1835 ut
1010 1797 1057 1835 ab
1085 1806 1208 1838 extra·

77 1868 151 1898 neo
181 1859 345 1908 quodam
369 1859 542 1911 principe
578 1861 741 1903 validam
777 1862 940 1905 militum
962 1877 1110 1908 manum
1139 1880 1208 1919 pe-

1152 1947 1210 1980 te-

80 2076 195 2114 thus,
217 2078 277 2115 op.
299 2079 322 2108 1.
342 2087 414 2116 pag.
436 2087 503 2117 ¹42·
520 2080 588 2117 sqq.
610 2095 649 2104 —
670 2083 971 2123 Bentivoglio‚
1002 2084 1065 2124 Op.
1089 2088 1113 2117 1.
1137 2095 1208 2125 pag.

83 2141 150 2170 170.
170 2136 237 2172 sqq.
258 2150 307 2159 —
326 2137 478 2173 Ηοοῑι,
508 2139 570 2175 Op.
606 2140 629 2168 1.
654 2148 723 2176 pag.
751 2150 820 2176 300.
849 2142 916 2178 sqq.
948 2157 995 2167 —
1023 2145 1121 2181 Bor,
1142 2146 1204 2182 op.

79 2193 106 2221 1.
126 2192 193 2222 Lib.
221 2194 274 2223 VI.
303 2194 362 2224 fol.
394 2202 463 2228 322.
489 2196 554 2232 sqq.
572 2212 614 2223 υ-
641 2198 724 2227 Van
753 2199 964 2235 Meter-en,
1000 2201 1048 2236 Op
1084 2202 1106 2231 1.
1136 2209 1207 2238 pag.

85 2252 154 2284 ¹44·
177 2247 244 2283 sqq.
264 2265 308 2274 -
327 2249 430 2279 Loven
456 2258 518 2282 cet.
540 2253 584 2284 11.
614 2260 683 2291 pag.
713 2261 782 2292 371.
805 2253 871 2292 sqq.
895 2268 946 2282 —o
964 2257 1205 2294 Wugeuar.

83 2303 145 2340 op.
163 2305 186 2334 Ι.
208 2305 258 2335 vl.
277 2313 344 2343 pag.
358 2314 428 2345 4¹³·
444 2308 513 2346 sqq.
