1560 2860
451 311 838 382 oRAtrlo.
1135 309 1198 356 :35

91 452 307 498 hominum
323 452 483 496 animos
507 450 561 496 ad
575 451 732 497 Christi
748 450 995 497 Doctrinam
1012 449 1202 510 amplec-

89 528 258 574 tendam
271 527 582 586 quodammodo
597 526 877 588 praeparavit.
897 525 1022 587 (28¹⁸)
1045 527 1199 571 Postea

90 611 225 649 autem
241 636 253 658 ,
279 618 373 648 cum
399 604 511 664 apud
535 605 754 649 Romanos
769 604 1102 662 ,Imperatorum
1129 607 1200 660 ty·-

38 736 43 739 .
90 678 263 724 rannide
280 694 448 739 pressos
466 711 478 734 ,
495 686 536 724 et
563 679 709 737 religio
737 680 780 724 in
808 684 1094 738 contemptum
1119 677 1202 723 ab-

86 754 149 799 ire
175 754 420 814 incepisset,
451 763 492 800 et
517 755 708 799 moribus
731 754 975 814 turpissima
1004 754 1120 799 labes
1144 752 1203 797 il·-

86 830 171 875 lata
210 838 346 885 esset,
390 845 477 876 non
515 831 662 877 fulcire
704 831 872 889 quidem
909 838 1069 876 tantam
1110 829 1203 876 rui-

87 921 189 952 nam
218 915 446 967 potuerunt
482 907 639 962 Stoici,
670 915 715 952 at
761 907 1025 953 laudabiliter
1063 914 1206 952 tamen

91 986 182 1027 ‘eam
222 984 502 1028 retardarunt.
562 985 702 1040 Atque
738 985 822 1030 hoc
853 984 980 1044 igitur
1013 984 1078 1031 vel
1116 994 1206 1029 uno

89 1061 310 1103 Porticzzs
337 1060 553 1118 exemplo,
584 1061 727 1119 paullo
759 1060 993 1106 accuratius
1032 1058 1204 1120 exposi-

90 1141 162 1189 to,
193 1136 295 1179 satis
330 1136 549 1190 elucescit,
594 1149 721 1193 quam
756 1138 967 1196 sapienter
1002 1136 1204 1183 Philoso-

87 1211 216 1271 phiae
243 1211 296 1257 de
329 1212 456 1257 rebus
486 1211 650 1257 Divinis
690 1211 776 1257 fata
809 1213 964 1258 rexerit
997 1211 1210 1272 potentis-

89 1287 194 1332 sima
231 1288 330 1342 illa,
374 1303 481 1348 quae
522 1296 672 1334 cuncta
693 1288 964 1345 moderatur,
994 1288 1077 1337 Dei
1106 1288 1211 1335 Ma·-

87 1379 181 1411 nus.

88 1446 89 1449 ’
149 1443 289 1502 Quam
315 1443 439 1489 velim
474 1458 610 1498 nunc,
639 1442 892 1489 Auditores!
923 1449 968 1488 ut
995 1442 1038 1488 in
1059 1441 1208 1487 laetis-

92 1520 200 1565 simo
238 1520 322 1565 hoc
364 1521 662 1579 disquisitionis
708 1521 833 1566 veluti
867 1534 1018 1580 campo
1053 1518 1208 1564 diutius

88 1597 307 1643 vobiscum
343 1598 597 1642 commorari
636 1598 823 1658 possim!
875 1595 1058 1654 Ecquod
1094 1593 1207 1639 enim

89 1682 254 1734 tempus
287 1674 366 1719 fuit
384 1706 396 1728 ‚
421 1674 512 1718 -ubi
545 1688 631 1718 non
673 1673 822 1717 eadem*
853 1677 1092 1717 cerneretur
1121 1668 1206 1715 Dei

88 1752 228 1797 cura?
266 1750 353 1796 Sed
388 1750 587 1808 quoniam
613 1748 929 1809 properandum
956 1747 1081 1793 nobis
1114 1753 1204 1800 est,

89 1841 226 1888 pauca
261 1834 445 1882 tantum,
501 1826 585 1871 huc
622 1825 902 1886 pertinentia,
944 1839 994 1871 ex
1034 1822 1205 1870 serioris

91 1904 315 1950 memoriae
363 1903 582 1949 annalibus
626 1903 872 1963 depromam
890 1933 904 1956 ,
954 1907 996 1946 et
1025 1899 1208 1947 breviter

88 1983 305 2041 attingam.
360 1985 513 2026 Medii
544 1981 671 2040 igitur
701 1983 804 2026 aevi
839 1977 1119 2038 ignorantiam
1153 1989 1206 2022 ac

55 2056 61 2064 “
95 2066 306 2119 stuporem
338 2059 496 2118 vulgari
521 2073 624 2104 voce
646 2054 809 2112 notari,
840 2055 866 2101 a
893 2055 1046 2102 teneris
1082 2052 1207 2100 audi-

92 2135 239 2183 vimus.
297 2138 387 2182 Nec
423 2137 595 2190 desunt,
637 2135 733 2194 qui,
763 2134 900 2195 lepide
921 2131 1107 2179 ridendis
1139 2138 1209 2176 at-

93 2225 178 2270 ·que
217 2214 470 2274 exagitandis
503 2213 699 2258 barbaris
736 2212 827 2256 istis
872 2218 998 2268 atque
1031 2207 1209 2253 inficetis

93 2289 127 2334 S
144 2303 168 2334 c
183 2289 210 2334 h
226 2291 405 2336 olasti
420 2291 500 2337 cis
516 2324 529 2345 ‚
573 2290 747 2336 mirifice
785 2289 865 2335 sibi
903 2287 1077 2345 aliisque
1102 2286 1210 2345 'pla-

97 2375 229 2415 ceant.
304 2353 423 2427 Qui,
442 2368 478 2414 si
502 2367 550 2413 id
580 2374 730 2426 agant,
759 2373 806 2412 ut
825 2364 1017 2423 aequales
1037 2369 1208 2407 nostros

254 2439 256 2441 ¹
609 2442 645 2487 G
674 2447 704 2488 2
1151 2437 1208 2482 ab
