1483 2860
262 217 308 257 ⁶8
482 203 1146 258 COMMENTATlo

264 335 325 364 tur
347 325 430 365 casu
445 328 603 374 quodam
630 325 788 364 fortuito
804 326 1005 374 quominus
1019 326 1210 375 negotium
1225 326 1375 376 suscep·

265 404 344 433 tum
358 396 572 443 perficeret,
610 397 657 433 ad
690 395 969 444 praestationem
996 397 1118 434 damni
1145 405 1181 434 et
1201 396 1374 435 interesse

262 476 340 504 non
370 474 580 512 teneretur3
605 465 736 512 quodfi
764 478 851 504 vero
875 467 1090 506 alternative
1116 467 1302 515 obligatus
1318 478 1375 505 es-

261 534 339 584 set,
362 544 399 573 et
427 535 491 573 uni
513 535 732 583 obligationi
755 536 959 576 satisfacere
987 548 1066 576 non
1092 536 1216 587 posset
1253 537 1300 575 ad
1321 538 1375 575 al·

260 613 379 643 terum
394 615 514 643 tamen
537 615 829 654 teneretur‚art.
850 619 961 657 1193.
979 607 1046 658 (1)
1085 609 1143 647 Ex
1167 616 1237 646 art.
1255 618 1370 655 1142.

264 685 379 723 porro
406 673 498 712 effici
529 674 688 723 nequit,
725 677 868 714 nullum
913 675 991 715 esse
1030 674 1258 723 temedium,
1300 686 1379 723 quo

263 743 350 793 cogi
375 744 492 793 possit
515 745 685 792 debitor,
708 755 749 783 ut
775 746 994 795 obligationi
1018 758 1037 784 e
1072 745 1135 784 sua
1158 745 1382 784 conventio-

264 824 313 852 ne
341 813 518 853 oriundae
541 815 756 854 satisfaciat:
788 816 812 854 fi
838 817 934 854 enirn
979 816 1074 863 salva
1104 817 1184 865 ejus
1208 816 1382 854 libertate

267 883 347 923 fieri
381 884 522 932 possit,
563 886 715 923 omnino
745 885 906 924 remedio
939 887 1019 934 lege
1047 884 1225 924 concesso
1259 886 1315 924 uti
1341 882 1387 923 li*-

267 962 363 994 ceat.
415 955 551 994 Sensus
589 955 703 1004 igitur
731 966 802 993 art.
827 954 894 994 cit.
923 955 982 993 hic
1007 964 1094 1002 est,
1122 955 1306 994 neminem
1329 955 1390 993 in·-

269 1024 408 1064 directe
445 1036 567 1073 neque
593 1037 658 1074 per
692 1037 830 1074 poenas
867 1037 990 1074 neque
1023 1037 1090 1074 per
1123 1037 1304 1063 carcerem
1336 1024 1389 1062 ci-

270 1094 382 1132 vilem
405 1096 633 1142 (contrainte
655 1107 719 1145 par
745 1096 879 1144 corps)
905 1096 1110 1134 debitorem
1137 1105 1271 1143 cogere
1299 1103 1390 1143 pos·-

269 1163 305 1202 se
337 1166 382 1203 ad
410 1165 619 1204 faciendum
647 1166 732 1215 (2).
786 1165 974 1205 Creditori
996 1166 1090 1203 enim
1118 1165 1180 1215 jus
1206 1164 1388 1213 competit

269 1235 484 1274 destruendi
502 1236 603 1283 quod
622 1236 760 1273 factum
788 1246 844 1273 est
858 1245 986 1274 contra
1009 1234 1274 1284 obligationem
1307 1242 1383 1272 non

269 1304 458 1353 faciendi,
485 1314 522 1343 et
550 1305 696 1353 quidem
727 1305 909 1343 sumtibus
932 1306 1140 1354 debitoris,
1170 1307 1270 1345 salvo
1303 1292 1386 1355 jure
1450 1328 1452 1330 v

273 1374 552 1424 praestationem
572 1375 694 1413 damni
713 1384 748 1413 et
772 1374 945 1414 interesse
974 1376 1121 1424 petendi
1144 1403 1157 1423 ‚
1181 1375 1206 1413 fi
1228 1375 1260 1413 ei
1279 1377 1387 1413 locus

274 1454 347 1493 est,
363 1453 432 1484 art.
456 1457 566 1494 1143.
595 1445 724 1483 Potest
740 1446 847 1483 etiam
861 1473 873 1493 ,
889 1446 914 1484 fi
929 1447 1079 1484 debitor
1104 1446 1322 1494 obligationi
1338 1445 1393 1484 fa·

276 1515 396 1554 ciendi
435 1516 534 1554 haud
568 1513 814 1563 satisfecerit,
851 1515 1004 1553 alterius
1042 1527 1155 1564 opera
1192 1517 1246 1553 uti
1273 1517 1319 1554 ad
1349 1516 1393 1553 il-

276 1587 344 1625 lud
386 1586 676 1635 perficiendum,
730 1586 867 1634 pariter
913 1585 1095 1624 sumtibus
1145 1587 1250 1635 ejus,
1299 1585 1394 1624 salva

277 1656 365 1695 item
400 1656 637 1694 restitutione
666 1656 789 1694 damni
818 1664 854 1693 et
884 1656 1071 1694 interesse.
1099 1663 1169 1694 art.
1194 1667 1305 1704 1144.
1334 1656 1390 1695 Ut

280 1738 372 1765 vero
406 1726 499 1764 illud
532 1728 722 1765 destruere
748 1726 880 1772 liceat,
908 1726 1011 1773 quod
1040 1724 1179 1764 factum
1220 1736 1277 1764 est
1304 1737 1396 1764 con·

279 1806 337 1835 tra
365 1796 628 1846 obligationem
665 1807 742 1834 non
780 1795 962 1843 faciendi,
999 1796 1142 1845 indiget
1177 1797 1397 1836 auctoritate

276 1867 434 1917 judicis,
470 1867 559 1906 licet
596 1866 700 1905 casus
734 1867 855 1904 adesse
898 1865 1070 1914 possint,
1112 1865 1138 1903 fi
1172 1868 1304 1916 nem‘pe
1332 1881 1400 1916 pe·

283 1936 443 1975 riculurn
488 1935 531 1974 fit
564 1936 607 1974 >in
642 1947 771 1982 mora,
819 1936 968 1983 quando
1016 1936 1086 1973 hoc
1124 1936 1264 1975 auxilio
1299 1949 1397 1987 opus

285 2017 363 2045 non
399 2015 471 2044 est.

1244 2102 1403 2143 Cou-

328 2238 714 2275 (1)¹²uranton.1.1.
737 2242 778 2265 η’.
806 2243 871 2269 351.

325 2296 380 2333 (2)
401 2295 616 2328 Zacharia,
637 2296 657 2322 l.
676 2296 697 2323 1.
721 2295 812 2322 Tom.
842 2295 880 2322 11.
905 2295 932 2330 5.
956 2303 1023 2331 299.
1041 2301 1112 2322 not·
1135 2302 1164 2328 ³·
