1483 2860
210 237 259 269 ιι
435 227 1102 271 COMMENTATio

207 337 350 387 quibus
379 336 471 376 novi
503 338 743 386 Archontes,
771 337 902 386 illique
935 335 1192 384 sacrosancti,
1218 334 1326 384 prae-

206 415 326 445 erant.
377 407 423 446 In
454 407 618 446 concilio
646 406 818 456 inprimis
855 407 1024 445 Nicaeno
1059 404 1155 444 ratio
1189 404 1325 445 aristo-

205 476 371 515 cratico-
385 477 636 526 oligarchica‚
674 489 789 524 quam
824 476 1008 516 Ecclesiae
1035 476 1198 524 regimen
1223 485 1329 514 acce·

205 533 289 596 pit,
316 547 516 596 conspicua
548 556 651 594 erat3
682 547 786 595 quod
812 547 1055 594 Concilium,
1095 545 1238 594 quippe
1267 552 1331 581 to-

203 625 286 656 tum
332 618 463 656 orbem
499 618 763 658 Christianum
809 619 1059 667 amplectens,
1113 615 1330 654 ommam·-

203 700 289 742 φησι
315 689 491 738 deinceps
531 689 750 735 dicebatur,
788 688 940 727 nomine
980 685 1136 727 omnino
1177 682 1339 726 consen·.

204 765 317 797 tanco
357 758 546 798 Ecclefiae
592 758 833 805 Catholicae,
879 769 987 797 verae
1031 755 1117 795 fidei
1151 763 1334 804 patronae,

203 839 246 868 ac
282 829 431 868 rectrici
468 828 553 880 (1).
619 829 680 868 Eo
716 827 932 878 Episcopi,
959 839 981 866 a
1010 825 1155 874 Spiritu
1190 824 1330 863 Sancto

203 898 335 948 ducti,
372 910 451 938 non
483 911 578 940 vero
602 910 624 938 a
655 897 911 945 Christianis,
950 905 993 934 ut
1027 905 1162 942 antea,
1186 892 1330 940 ,missi,

205 978 491 1016 convenerunt,
527 978 670 1017 atque,
706 976 840 1017 utpote
869 967 999 1005 divina
1026 963 1341 1004 auctoritate2›in-.

207 1036 360 1095 structi,
399 1038 566 1077 instituta
604 1038 731 1077 divina
763 1048 833 1088 pro
860 1037 983 1077 lubitu
1012 1045 1336 1086 permutarecoe·

206 1118 343 1158 petunt
370 1109 456 1158 (2).
509 1109 728 1148 Primarium
761 1117 883 1146 tamen
905 1109 1030 1146 locum
1063 1107 1102 1145 in
1130 1108 1203 1144 hoc
1229 1106 1338 1145 Con„

207 1178 299 1217 cilio
324 1178 527 1228 occupavit
551 1179 757 1227 Imperator
780 1178 1074 1225 Constantinus,
1102 1175 1178 1225 ipse
1203 1174 1339 1214 Chris*

208 1248 358 1297 timus,
404 1249 470 1298 qui
496 1248 716 1286 clericorum
751 1249 896 1286 decreta
925 1247 1145 1286 auctoritate
1170 1247 1233 1285 sua
1257 1244 1339 1283 san·

208 1317 326 1366 civit,
353 1318 495 1366 quique
510 1318 620 1356 etiam
636 1347 649 1366 ‚
676 1319 821 1368 quippe
842 1320 957 1356 homo
971 1317 1202 1365 orientalis,
1227 1327 1342 1365 pom«

208 1386 297 1439 pam'
320 1388 536 1426 orientalem
552 1417 565 1436 ,
590 1389 635 1426 ad
669 1400 779 1436 quam
807 1399 950 1437 pronus
977 1397 1052 1426 erat
1067 1415 1080 1435 ‚
1108 1387 1147 1425 in
1172 1385 1339 1434 Religio÷

209 1457 271 1497 nis
299 1457 535 1498 Christianae
571 1457 667 1497 ritus
697 1467 871 1496 externos
899 1458 1063 1497 induxit.
1119 1438 1337 1498 Constanti-

211 1527 253 1566 ni
276 1536 399 1565 autem
414 1527 641 1566 successores
657 1556 670 1575 ‚
691 1539 847 1576 excepto
866 1527 1018 1577 Juliano
1036 1555 1049 1574 ‚
1063 1527 1215 1565 eandem
1238 1525 1338 1564 viam

211 1596 395 1648 ingressi,
436 1597 529 1645 quin
566 1597 722 1636 ulterius
758 1598 866 1636 etiam
900 1597 1115 1647 progressi,
1145 1596 1342 1647 gentilium

211 1668 428 1716 religionem
455 1667 711 1717 abrogarunt,
728 1677 764 1706 et
777 1679 822 1706 eo
848 1668 928 1706 suas
952 1669 1191 1706 intenderunt
1210 1667 1335 1715 vires,

212 1746 257 1776 ut
297 1736 448 1785 Religio
498 1738 737 1785 Christiana,
792 1749 885 1786 quae
932 1737 1089 1785 privatis
1140 1737 1339 1775 conatibus

213 1809 450 1857 praecedenti
473 1808 630 1857 periodo
660 1818 865 1861 propagata
899 1807 1047 1854 fuerat,
1075 1806 1229 1855 publica
1253 1817 1342 1845 auc-

214 1878 366 1917 toritate
401 1878 578 1917 omnibus
615 1878 915 1926 praedicaretur,
965 1887 1078 1925 atque
1112 1876 1232 1915 totius
1269 1876 1341 1915 Im-

216 1947 311 1998 perii
345 1947 496 1997 Religio
531 1938 850 1987 constitueretur.‘

267 2018 371 2058 Inter
394 2018 616 2067 Episcopos
649 2017 689 2056 in
720 2016 908 2057 Ecclesiae
939 2016 1209 2067 gubernatione
1234 2026 1341 2067 prae·

1281 2097 1345 2125 va·

259 2190 315 2228 (ι)
335 2190 514 2225 villers,
535 2190 557 2218 l.
582 2197 611 2218 c.
634 2196 702 2225 pag.
725 2193 784 2224 384
805 2194 836 2215 et
856 2187 923 2220 385.

257 2246 313 2286 (2)
333 2247 427 2278 Conf.
457 2245 659 2281 Theiner,
692 2239 906 2283 Eirtfihrung
935 2243 988 2271 der
1021 2239 1346 2276 Priona-Ehelofig·

224 2298 439 2342 ᾶιὶοξῑῐειει·
457 2305 561 2342 Band,
580 2311 649 2342 pag.
673 2306 722 2339 83.
