2912 4368
1642 1183 1741 1220 XIX·

627 1295 838 1339 Gentium
875 1295 1254 1339 Germanicarum
1297 1304 1522 1349 aetatem,
1562 1296 1614 1340 A.
1656 1295 1738 1342 SI·-

624 1371 811 1425 MONS,
846 1372 887 1417 d.
911 1372 1057 1416 martis
1083 1379 1123 1416 et
1142 1372 1328 1426 veneris,
1360 1373 1466 1417 hora
1488 1372 1560 1417 IV.

674 1452 939 1506 Praecepta
980 1452 1093 1505 styli
1131 1451 1237 1492 bene
1277 1453 1460 1507 Belgici
1497 1449 1636 1494 tradet
1672 1449 1724 1495 A.

622 1525 839 1570 SIMONS
856 1556 868 1579 ,
899 1526 939 1569 d.
967 1524 1114 1570 martis
1140 1525 1247 1569 hora
1271 1524 1366 1568 XII.
1400 1525 1620 1579 mercurii,
1652 1524 1739 1569 hoae

621 1604 670 1645 ι’ἓι
695 1603 767 1646 XI.
794 1602 926 1659 jovis,
957 1602 1063 1646 hora
1092 1603 1161 1647 IV.
1190 1610 1231 1647 et
1252 1602 1437 1656 veneris,
1468 1602 1574 1647 hora
1595 1601 1670 1648 XI.

680 1680 963 1735 Disputancli
997 1679 1362 1724 exercitationibus
1378 1711 1390 1732 ‚
1417 1693 1610 1724 sermone
1623 1679 1740 1738 Belga

623 1756 832 1814 praeerit,
875 1755 1043 1800 alternis
1085 1755 1452 1811 hebdomadibus,
1503 1756 1570 1802 die
1609 1756 1742 1815 jovis,

627 1832 735 1876 hora
763 1833 834 1877 IV.
860 1834 912 1876 A.
944 1832 1175 1877 SIMONS.

685 1912 970 1965 Dispatcmdi
998 1909 1363 1953 exercitationibus
1402 1917 1648 1968 praeerunt,
1680 1910 1746 1954 al*

630 1986 758 2029 ternis
786 1985 1147 2039 hebdomadibus,
1187 1985 1253 2029 die
1283 1986 1441 2029 saturni
1472 1986 1579 2030 hora
1607 1986 1641 2031 Ι.
1682 1986 1749 2030 al-

629 2060 823 2105 ternatim
867 2062 951 2105 PH.
987 2062 1039 2105 G.
1068 2075 1173 2105 VAN
1205 2060 1443 2106 HEUSDE
1489 2070 1530 2107 et
1558 2063 1611 2108 A.
1641 2074 1747 2108 vAN

633 2137 1021 2183 GOUDOEVER.
1683 2156 1686 2158 ’

635 2291 684 2335 In
725 2291 1074 2337 FACULTATE
1119 2292 1475 2335 MATHESEOS
1515 2303 1578 2335 m·
1620 2291 1755 2337 PHI-

829 2369 1159 2413 LOSOPHIAE
1193 2368 1527 2413 NATURALIS
1540 2400 1553 2423 ‚

1098 2444 1309 2489 docebunt

694 2601 937 2641 Elementa
963 2597 1218 2639 Matkeseos
1237 2596 1278 2639 J.
1293 2596 1343 2638 F.
1360 2594 1407 2638 L.
1425 2583 1754 2650 SCHRfiDER,

636 2676 677 2720 d.
694 2674 838 2718 martis
852 2706 865 2728 ‚
879 2671 1075 2717 mercurii
1087 2704 1099 2724 ‚
1113 2671 1219 2728 jovis
1246 2678 1285 2715 et
1300 2671 1486 2725 veneris,
1507 2671 1614 2715 hora
1627 2672 1753 2716 VIII.

698 2754 931 2807 Physicae
957 2751 1311 2793 mathematicae
1331 2752 1550 2791 elementa
1564 2780 1576 2801 ‚
1591 2750 1630 2792 J.
1643 2749 1690 2791 F.
1707 2749 1757 2793 L.

642 2817 979 2880 SCHR'ODER,
1011 2825 1157 2869 diebus
1181 2824 1376 2868 mercurii
1400 2832 1440 2869 et
1468 2822 1652 2877 saturni,
1672 2822 1757 2867 ho—

642 2920 690 2948 ra
717 2906 797 2949 XI.

567 2981 572 2988 '
704 2981 1077 3024 Stereometriam
1141 2987 1279 3036 atque
1337 2978 1757 3034 Trigonometriam

645 3059 944 3114 Sphaericccm
959 3088 971 3108 ‚
1025 3058 1256 3098 adhibitas
1305 3059 1369 3098 ad
1412 3055 1759 3110 Geographiam

646 3135 1027 3177 mathematicam
1067 3141 1112 3175 et
1155 3134 1501 3176 Astrononziam
1541 3131 1580 3174 J.
1619 3131 1668 3174 F.
1705 3131 1756 3175 L.

646 3197 988 3264 SCHR‘ODER,
1026 3208 1093 3252 die
1128 3208 1248 3252 lunae
1292 3214 1418 3264 atque
1459 3205 1645 3260 saturni,
1674 3205 1760 3249 ho-¹

646 3301 697 3332 ra
725 3285 843 3331 VIII.

1143 3362 1207 3385 ²¹²*
1243 3363 1272 3402 2
1669 3353 1763 3420 Lq-
