1483 2860
251 154 326 191 140
481 138 1147 182 COMMENTATIO

249 250 384 347 a...{
433 250 846 360 ety=VCak—-
849 250 922 351 >2
947 282 1045 323 inter
1083 289 1176 334 qua's
1219 287 1324 328 duas*
1344 298 1366 328 a

250 381 435 423 eliminata
457 383 603 422 exsistit
629 384 802 432 aequatio

446 452 850 560 θ’ΞῘεζπῆ-Ξὶθ

249 603 345 642 quae
367 600 424 630 est
456 590 582 629 eadem
602 599 716 638 atque
740 601 760 627 a
780 586 1022 627 Leibnits
1037 588 1082 625 io
1102 586 1270 626 inventa.

299 662 363 702 Ex
388 668 551 708 utroque
575 658 804 709 problemate
817 654 1048 706 praecedenti
1065 653 1276 694 luculenter
1301 662 1368 703 pa-

244 739 326 779 tet,
351 741 525 778 curvam,
557 739 654 777 quae
676 738 742 776 per
764 725 989 764 solutionem
1011 725 1283 773 particuliarem
1307 731 1368 763 est

243 801 352 849 data,
389 799 480 838 oriri
517 810 584 847 per
619 795 896 835 interfectiones
934 793 1200 842 subsequentes
1233 804 1367 849 curva·
1401 789 1407 792 ”

244 881 356 918 rum,
381 881 478 918 quae
512 867 666 908 diverfis
694 865 914 911 moribus,
941 876 1040 913 quos
1058 863 1251 903 arbitraria
1272 873 1366 902 con-

244 939 344 979 stans
368 939 410 978 in
438 939 687 989 integratione
720 936 907 986 completa
936 934 1084 983 assequi
1117 933 1265 984 possit,
1307 943 1366 973 re·

244 1010 463 1060 spondeant.
1061 994 1063 998 Α

295 1080 399 1119 Hinc
429 1078 622 1128 sequitur,
655 1079 844 1118 evolutam
869 1087 1068 1116 curvarum
1089 1075 1153 1125 (S.
1179 1076 1270 1127 20.)
1302 1085 1369 1114 or·

244 1160 320 1189 tam
357 1161 423 1198 per
449 1148 742 1188 intersectionem
778 1147 966 1187 radiorum
997 1155 1246 1195 curvaturae,
1270 1156 1366 1186 con-

242 1220 466 1260 fidet-andam
503 1219 580 1259 esse
615 1228 790 1268 tanquam
830 1216 1053 1256 solutionem
1085 1215 1361 1266 particuliarem

241 1289 477 1340 aequationis
507 1289 759 1329 differentialis
774 1317 788 1336 ‚
815 1299 910 1337 quae
933 1298 1063 1325 omnes
1083 1286 1268 1326 normales
1303 1285 1363 1324 in-

242 1361 395 1399 volutae
425 1359 620 1407 continet,
648 1368 683 1398 et
712 1359 757 1396 ab
787 1359 846 1396 his
878 1357 1108 1396 normalibus
1137 1355 1358 1405 tangendam

243 1433 348 1481 esse,
385 1439 498 1479 atque
532 1430 662 1469 eodem
693 1428 807 1468 modo
839 1428 875 1467 se
902 1428 1037 1467 habere
1065 1426 1254 1466 evolutam
1288 1425 1359 1473 im-

240 1504 457 1557 perfectam.

727 1645 765 1692 §·
820 1651 883 1691 55-

293 1800 454 1849 Quando
482 1806 604 1838 autem
634 1798 700 1836 has
735 1794 938 1836 solutiones
963 1797 1218 1847 particuliares
1251 1808 1355 1838 com·

239 1880 412 1918 paramus
444 1879 530 1907 cum
568 1868 736 1916 ratione,
763 1879 837 1916 qua
873 1867 945 1907 sese
982 1868 1120 1908 habent
1144 1867 1353 1909 constantes

241 1937 455 1977 arbitrariae
491 1938 530 1977 in
570 1944 748 1978 contactu
781 1938 990 1978 definiendo
1017 1938 1079 1990 (ς.
1112 1939 1204 1988 5.),
1239 1939 1354 1980 nobis

239 2016 298 2047 est
320 2007 533 2049 facillimum
558 2008 776 2057 intellectu,
804 2009 995 2058 quomodo
1022 2009 1149 2048 curvis
1171 2012 1357 2059 tangenti·

239 2077 312 2116 bus
329 2078 416 2128 (fig.
429 2079 523 2128 35.)
550 2079 581 2117 P
590 2079 657 2130 Q,
683 2081 728 2118 Ρ’
743 2078 795 2130 ρ]
810 2106 824 2119 .
842 2107 853 2118 .
870 2107 881 2119 .
901 2108 912 2119 .
926 2079 1022 2119 datis
1034 2092 1149 2120 curva
1160 2082 1309 2121 tactaA
1317 2082 1352 2121 B

237 2147 281 2188 fit
307 2147 540 2188 invenienda.
592 2152 689 2190 Nam
719 2152 868 2200 quando
894 2161 1106 2191 constantes
1140 2152 1351 2194 arbitrariae

239 2229 313 2268 ope
343 2217 661 2263 differentiatiouis
689 2221 805 2262 edata
838 2222 1062 2273 aequatione
1091 2235 1228 2266 curvae
1260 2232 1344 2263 tan·

1259 2305 1348 2344 gen-
