1483 2860
226 232 279 260 ⁴20
453 212 1122 257 COMMENTATIO

232 328 356 368 nosam
380 335 493 375 atque
515 325 648 364 deinde
666 323 776 363 etiam
811 324 850 362 in
878 323 1054 363 acetosam
1094 321 1346 363 fermentatio-

234 409 318 437 nem
347 397 441 436 abit.

284 467 394 506 Aceti
432 465 570 514 species
609 475 654 502 ex
690 463 802 502 variis
843 461 1115 501 frumentorum
1151 461 1350 511 generibus

233 544 466 587 praeparatae
493 533 683 572 communi
711 531 862 570 nomine
895 533 988 570 aceti
1013 544 1033 570 e
1057 531 1246 571 frumento
1284 544 1351 571 ve-

233 607 366 645 niunt:
395 611 521 653 potest
554 611 676 641 autem
714 602 823 640 etiam
853 610 997 640 acetum
1033 602 1170 640 confici
1199 614 1220 641 e
1248 614 1351 641 cere-

231 675 350 722 visia,
377 682 472 723 potu
498 685 519 710 e
554 672 742 710 frumento
768 671 894 710 vinosa
921 671 1206 711 fermentatione
1224 672 1351 722 aequi-

235 747 335 793 fito‚
363 756 457 792 quae
483 743 621 791 species
655 751 746 780 tunc
772 741 924 790 proprie
949 749 1094 780 acetum
1125 753 1145 779 e
1177 742 1350 781 cerevisia

236 824 419 861 vocatur,
447 825 524 862 quo
557 824 647 851 vero
687 811 839 850 nomine
868 812 1068 860 aliquando
1095 811 1200 851 etiam
1235 811 1353 861 defig-

237 894 348 925 natur
384 893 529 922 acetum
562 894 582 920 e
618 881 808 920 frumento
844 881 983 919 directe
1015 881 1250 928 acquisitum.

288 956 446 995 Acetum
478 951 672 991 cerevisiae
702 952 854 1000 proprie
887 950 936 989 fic
971 950 1112 989 dictum
1152 949 1351 996 secundum

240 1027 305 1067 Cl.
341 1023 605 1072 Chaptal,
644 1021 840 1069 Gandavi‚
891 1020 1060 1069 sequenti
1095 1022 1209 1060 modo
1246 1033 1354 1071 prae-

236 1104 389 1147 paratur
429 1094 488 1143 1).
563 1092 726 1132 Primum
772 1090 966 1130 sumuntur
1005 1103 1104 1140 1440
1141 1091 1212 1131 lib.
1251 1092 1354 1131 malti

237 1165 462 1212 hordeacei,
488 1173 563 1212 540
591 1163 660 1202 lib.
690 1162 791 1200 malti
826 1161 962 1200 triticei
989 1169 1027 1200 et
1049 1174 1120 1211 391
1149 1161 1217 1200 lib.
1246 1161 1354 1211 fago-

236 1236 346 1287 pyri:
394 1247 440 1274 ex
473 1235 533 1272 his
566 1234 664 1272 inter
687 1233 722 1272 se
754 1232 969 1271 commixtis
1004 1241 1041 1270 et
1077 1232 1354 1271 fermentationi

234 1305 410 1356 expositis
443 1303 697 1342 conficiuntur
723 1305 766 1341 18
792 1302 874 1340 cadi
899 1301 1092 1340 cerevisiae
1116 1301 1287 1341 fortioris
1315 1312 1353 1342 at

236 1378 263 1416 6
298 1375 379 1415 cadi
403 1373 598 1414 cerevisiae
624 1372 781 1420 tenuis3
818 1373 912 1411 duae
945 1371 1014 1410 hae
1046 1371 1239 1411 cerevisiae
1273 1371 1355 1422 spe-

235 1446 312 1485 cies
333 1454 398 1484 aut
421 1445 516 1483 inter
539 1445 576 1482 se
607 1442 743 1481 mixtae
771 1450 837 1480 aut
869 1441 1031 1489 fingulae
1059 1440 1219 1480 seorsum
1254 1442 1351 1482 vafis

234 1515 487 1555 infunduntur
512 1513 740 1563 majoribus,
769 1511 1027 1549 tantummodo
1051 1512 1098 1550 ad
1120 1510 1263 1551 dimidii
1288 1525 1356 1562 pe-

234 1585 293 1625 dis
328 1584 376 1623 ab
409 1583 552 1622 orificio
588 1582 803 1621 distantiam
831 1581 1055 1630 implendis:
1082 1581 1165 1621 vasa
1186 1584 1260 1633 jam
1285 1568 1355 1622 im-

234 1656 334 1705 pleta
361 1654 400 1692 in
422 1652 585 1704 seriebus
617 1652 872 1700 disponuntur
895 1660 1009 1700 atque
1032 1650 1262 1691 fulcimentis
1283 1654 1355 1693 im.

232 1734 453 1774 ponuntur,
480 1724 527 1762 ad
551 1722 657 1771 pedis
683 1721 917 1760 altitudinem
940 1733 962 1760 a
989 1721 1068 1760 solo
1094 1721 1321 1762 distantibus
1337 1752 1354 1772 ‚

236 1795 305 1835 fibi
339 1805 439 1833 nunc
481 1791 749 1841 relinquuntur
783 1791 844 1830 illa
881 1790 962 1830 vasa
1001 1799 1038 1830 et
1072 1791 1113 1831 in
1157 1792 1355 1834 fermenta·

231 1866 371 1904 tionem
407 1865 596 1903 ducuntur
632 1861 699 1900 sub
726 1861 814 1902 divo
852 1862 913 1900 vel
945 1861 1070 1900 saltem
1102 1861 1182 1910 ita,
1210 1871 1253 1902 ut
1277 1864 1355 1902 adi-

233 1948 296 1974 tus
329 1934 416 1973 solis
445 1932 556 1972 radiis
597 1931 713 1970 libere
746 1940 885 1981 pateat.
949 1930 1045 1970 Vasa
1080 1931 1219 1970 habent
1247 1944 1354 1983 aper..

231 2015 352 2044 turam
395 2004 587 2052 supernam
633 2004 734 2042 6—8
772 2003 867 2051 poll.
909 2002 1173 2049 quadratorum
1190 2030 1205 2050 ,
1255 2014 1353 2051 quae

235 2084 348 2115 nocte
376 2075 436 2114 vel
461 2071 637 2123 pluvioso
666 2081 836 2121 tempore
870 2072 1015 2110 duabus
1041 2071 1196 2120 oblique
1219 2071 1354 2121 positis

1295 2151 1352 2182 te·

273 2234 307 2271 ι)
327 2234 372 2263 Μ.
395 2234 420 2271 J.
440 2234 478 2265 Α,
499 2232 686 2270 chaman,
716 2230 837 2262 Chimie
862 2231 945 2269 appi.
974 2237 1054 2266 etc..
1082 2230 1174 2261 Tom.
1194 2230 1252 2262 111.
1281 2210 1351 2270 bag.

236 2294 294 2329 ¹64
314 2297 402 2328 seqq.
