1483 2860
185 165 232 215 58
411 153 1075 200 COMMENTATIO

182 274 363 318 aceticum
383 267 635 319 acquireretur
657 265 859 305 fortissimo
879 272 985 304 aceto
1003 264 1145 314 glaciali
1159 275 1294 315 aequa·

183 349 250 394 le,
284 355 330 382 ex
356 337 678 387 decompositione
705 346 794 373 vero
821 335 972 374 acetatis
1000 334 1191 384 potassae,
1225 346 1292 384 per

183 415 330 454 acidum
360 407 715 459 hydrochloricum‚
753 404 898 443 acidum
923 405 1075 443 dotibus
1097 403 1171 442 suis
1204 414 1292 443 cum

182 484 289 524 acido
319 493 366 520 ex
392 486 497 518 aceto
534 475 718 514 destinato
753 473 904 523 prorsus
938 473 1163 513 conveniens
1177 501 1192 523 ,
1227 474 1295 512 ad-

181 553 262 593 dito
302 559 391 589 vero
427 546 620 597 peroxydo
666 544 885 593 manganefii
915 544 956 584 in
991 545 1135 584 acidum
1175 542 1296 594 priori

180 618 406 662 fortitudine
439 616 591 664 aequale
611 614 788 654 tranfiens
819 614 878 663 1).

229 691 295 730 Cl.
331 686 557 735 Chaptal
591 685 701 724 etiam
737 693 939 734 utrumque
971 684 1116 724 acidum
1147 683 1296 724 differre

179 758 336 806 statuit,
385 755 629 796 differentiam
664 763 784 793 autem
815 765 895 793 non
928 765 974 793 ex
1009 754 1200 804 oxygenio
1234 755 1296 793 sed

181 844 204 871 e
236 827 430 869 differente
464 824 655 864 carbonici
687 824 894 873 quantitate
934 823 1108 873 repetiit,
1158 823 1296 873 majore

180 903 221 941 in
255 899 361 940 acido
395 907 441 935 ex
467 894 702 943 acetatibus‚
739 893 882 932 minore
916 893 955 932 in
987 893 1095 932 acido
1130 903 1177 931 ex
1201 891 1298 930 aceti

180 968 431 1012 destillatione
457 965 670 1014 acquifit03
712 965 816 1013 quod
850 964 999 1013 quidem
1030 962 1223 1003 concludit
1252 973 1300 1001 ex

180 1042 329 1082 actione
371 1036 465 1077 acidi
500 1034 706 1085 sulphurici
744 1043 781 1072 et
806 1045 831 1072 'e
865 1033 1060 1073 differente
1091 1032 1298 1081 quantitate

181 1108 372 1152 carbonici
402 1109 442 1146 in
472 1114 610 1145 retorta
647 1103 868 1143 remanentis
902 1112 992 1153 post
1016 1101 1302 1152 decompofitio-

181 1193 267 1222 nem
296 1190 364 1230 per
398 1178 521 1227 ignem
558 1175 719 1224 duplicis
760 1173 905 1223 generis
949 1173 1100 1212 acetatis
1132 1171 1302 1223 potassae

183 1264 230 1292 ex
260 1258 420 1298 utroque
447 1245 553 1285 acido
575 1245 810 1294 praeparati3
836 1251 917 1282 tum
945 1251 984 1282 et
1016 1242 1054 1282 se
1087 1241 1297 1282 observasse

181 1320 356 1372 putavit,
391 1317 592 1364 utriusque
638 1313 732 1352 acidi
771 1313 954 1351 actionem
987 1312 1027 1351 in
1058 1312 1182 1360 oxyda
1217 1321 1298 1350 me·

182 1391 306 1431 tallica
330 1387 478 1427 differre
503 1386 564 1435 ε).

235 1456 478 1501 Celeberrimi
515 1462 637 1493 autem
671 1452 829 1492 chemici
859 1451 1018 1499 Adet‚
1062 1450 1298 1499 Darracq

186 1541 224 1572 et
259 1531 457 1570 Proust
493 1524 580 1563 dein
611 1524 705 1561 hanc
744 1522 959 1561 sententiam
1000 1519 1155 1570 prorsus
1200 1519 1303 1559 refu—

185 1606 372 1641 taverunt.
425 1595 489 1635 Cl.
530 1592 663 1633 Adet
704 1592 801 1630 enim
840 1590 1009 1638 invenit,
1061 1590 1101 1628 in
1136 1590 1300 1628 destilla-

185 1672 289 1711 tione
321 1666 473 1707 acetatis
503 1663 611 1713 cupri
643 1674 706 1712 gas
735 1661 881 1701 acidum
908 1659 1148 1699 carbonicum
1173 1669 1210 1698 et
1230 1660 1304 1707 hy·

186 1738 405 1789 drogenium
441 1734 683 1774 carbonatum
723 1732 848 1770 evolvi
883 1739 996 1779 atque
1028 1741 1159 1778 aquam
1193 1740 1304 1779 gene·

184 1811 273 1852 rari.
325 1805 564 1856 Oxygenium
600 1815 646 1842 ex
679 1803 806 1852 oxydo
844 1800 953 1850 cupri
989 1799 1104 1848 igitur
1133 1799 1306 1839 inservie-

186 1882 253 1921 bat
281 1889 351 1929 pro
386 1875 542 1915 maxima
571 1881 675 1923 parte
709 1873 752 1911 ad
787 1882 851 1920 gas
893 1870 1039 1909 acidum
1064 1868 1306 1909 carbonicum

188 1949 451 1994 formandum,
498 1955 613 1994 parva
644 1943 725 1986 eius
765 1940 954 1990 quantitas
991 1939 1037 1978 ad
1062 1950 1195 1987 aquam
1229 1938 1309 1977 for-

190 2021 356 2063 mandam
371 2043 386 2066 ,
422 2027 468 2057 ex
501 2025 578 2065 quo
607 2011 714 2053 fonte
741 2012 855 2062 igitur
883 2008 1059 2050 facillime
1089 2007 1300 2058 explicatur

1237 2079 1305 2118 do-

234 2184 269 2222 ι)
285 2177 428 2214 nabit,
446 2177 528 2208 Ann.
549 2175 588 2204 de
610 2174 730 2209 Chim„
751 2164 1028 2202 Toquxxvul.
1048 2177 1118 2214 m,
1140 2170 1190 2199 ⁶6.

233 2240 270 2279 α)
291 2235 483 2274 chemel,
503 2235 547 2264 les
567 2234 604 2264 de
624 2231 724 2263 Chim.
737 2251 748 2268 ‚
768 2231 859 2262 Tom.
878 2229 1017 2261 xxvlu.
1034 2235 1102 2266 pag.
1122 2234 1190 2264 115.
