1483 2860
224 225 277 262 44
455 215 1130 269 COMMENTATlo

222 319 387 376 factione
420 323 567 366 Christi
598 336 635 367 et
665 330 711 368 de
752 333 1089 384 praedestinatione
1128 340 1335 381 accuratius

221 392 330 433 etiam
357 395 627 446 disseruerunt,
678 409 830 440 auctore
864 405 1019 444 maxime
1051 407 1249 458 Anselm03
1291 411 1338 450 de

219 463 355 512 calice,
383 465 486 505 laicis
517 469 758 519 denegando,
785 483 930 523 necne,
955 476 1028 525 J'am
1065 478 1172 526 loqui
1203 491 1339 530 coepe·

220 542 328 581 rant3
371 534 431 573 sed
463 549 533 585 eo,
576 548 618 578 ut
646 540 915 593 denegaretur,
959 548 1126 587 nondum
1158 561 1338 599 pervene-

217 612 299 641 rant
326 605 420 653 (1);
466 607 512 645 de
543 608 714 657 dogmate
750 613 897 652 tandem
927 615 1150 664 praesentiae
1187 621 1334 661 Christi

216 672 257 711 in
287 673 526 715 Eucharistia
559 678 720 719 diversae
743 680 847 721 fuere
875 683 1097 736 sententiae,
1125 689 1171 728 de
1192 691 1334 740 quibus

215 743 393 793 uberius,
427 747 590 787 haeresin
629 750 933 802 Berengarianam
973 768 1201 807 exponentes
1216 788 1231 810 ,
1257 761 1335 801 dis-

215 814 430 864 putabimus
457 818 543 868 (2).

707 959 746 1006 ς.
800 971 837 997 2.

410 1078 663 1119 Hierarchiae
687 1079 883 1120 Romanae
909 1086 1135 1126 auctoritas.

256 1208 383 1249 Variis
407 1209 635 1251 hierarchiae
654 1212 835 1253 aetatibus
862 1215 1082 1256 clericorum
1114 1217 1329 1259 dominandi

206 1279 397 1329 studium,
436 1290 647 1331 temporum
685 1285 1036 1332 opportunitatibus
1075 1290 1333 1328 accommoda·

204 1358 314 1399 tum,
365 1351 652 1390 animadvertere
679 1353 754 1402 jam
792 1355 1015 1404 potuimus;
1070 1357 1192 1405 prima
1227 1359 1325 1399 enim

203 1429 320 1459 aetate
345 1421 647 1461 Christianorum
669 1424 894 1473 antesignani
914 1425 1056 1474 ubique
1077 1437 1210 1467 coetus
1235 1440 1329 1469 con-

200 1491 405 1539 diderunt,
455 1491 579 1540 iisque
614 1494 728 1533 duces
764 1496 1082 1545 praeposuerunt3
1137 1497 1324 1548 secunda,

198 1560 412 1612 principum
450 1560 616 1600 favorem
639 1563 765 1610 nacti,
804 1564 1047 1604 hierarchiam
1073 1567 1149 1617 jam
1185 1568 1324 1609 consti.

197 1638 317 1668 tutam
347 1629 631 1680 stabiliverunt3
670 1633 780 1672 tertia
807 1634 954 1675 tandem
987 1635 1213 1677 hierarchica
1241 1651 1323 1678 mo-
1380 1679 1384 1686 ,

199 1700 349 1739 narchia
392 1700 555 1748 exstitit,
599 1713 693 1749 quae
739 1701 880 1742 summo
930 1703 1053 1744 studio
1089 1718 1178 1754 prae
1216 1708 1322 1757 prin-

198 1769 348 1819 cipibus
389 1769 568 1813 ditionem
605 1770 705 1810 suam
748 1769 976 1821 spiritualem
1013 1776 1210 1815 extendere
1246 1777 1323 1818 stu·

201 1840 299 1881 duit.

230 1911 314 1953 'Ex
349 1909 590 1949 barbarorum
635 1910 732 1950 enim
772 1912 936 1952 colluvie
972 1923 1073 1953 nova
1108 1915 1322 1959 exstiterant

1236 2000 1321 2039 reg..

233 2071 289 2108 (1)
309 2072 391 2107 Quae
415 2071 453 2099 de
478 2071 533 2098 hac
557 2078 590 2098 re
606 2068 696 2103 hujus
714 2070 986 2100 commentationis
1005 2072 1090 2101 Parte
1113 2073 1156 2104 11.
1179 2076 1255 2112 cap.
1277 2079 1318 2108 11.

196 2129 226 2166 5.
250 2137 278 2163 5.
302 2135 369 2163 pag.
391 2134 439 2162 73-
460 2133 531 2156 nota
555 2127 628 2164 (4),
650 2126 730 2156 dicta
749 2127 836 2163 sunt,
856 2129 893 2156 ad
916 2129 993 2159 hanc
1019 2129 1198 2162 sententiam
1227 2141 1317 2164 tuen-

195 2184 265 2215 dam
283 2183 374 2213 etiam
390 2183 516 2213 faciunt.

233 2242 290 2280 (2)
310 2241 401 2272 Conf.
432 2239 522 2274 hujus
544 2239 837 2278 eommenntionis‚
873 2242 952 2272 Part.
980 2243 1021 2274 11.
1051 2243 1125 2282 Cap.
1154 2245 1192 2276 11.
1224 2247 1253 2284 §v
1281 2254 1321 2284 s<

196 2306 265 2348 pag.
288 2305 325 2335 74
344 2305 375 2327 et
394 2304 444 2333 τε.
