1524 2850
280 274 341 320 36
570 269 1112 334 -oRATlo

276 420 369 457 tum
408 420 469 457 est
507 427 632 467 eura,
674 420 720 457 ut
761 414 923 472 optimo
962 415 1072 473 Regi
1111 415 1316 475 placuerit
1353 414 1398 459 in

278 497 427 534 nostra
461 491 566 534 urbe
608 490 775 534 scholas
816 491 1130 550 disciplinarum
1178 492 1399 536 mechani-

277 580 425 611 carum
463 574 503 611 et
543 566 825 611 chemiearum
875 568 1036 612 artibus
1075 568 1277 613 technicis
1316 566 1400 612 adss-

276 642 557 688 hibendarum
573 675 587 698 ,
649 643 872 698 constitui,
927 644 1040 689 unde
1077 652 1124 689 ut
1160 645 1398 690 uberrimos

277 720 421 780 capiat
457 721 616 764 fructus
658 728 698 765 et
733 721 828 780 ipsa
869 720 1024 765 Civitas
1050 728 1090 765 et
1120 722 1256 780 Regio
1283 722 1401 766 Tra-

270 797 426 856 jectina
477 798 569 842 fore
610 813 842 857 speramus.
917 797 1005 842 Sed
1039 798 1161 842 vobis
1201 797 1394 857 inprimis

273 882 440 934 gratum
491 875 675 919 animum
724 874 893 934 publice
945 875 1177 932 profiteor,
1213 889 1393 931 quorum

274 950 451 995 consilio
492 958 532 996 et
574 950 822 994 auctoritate
860 950 1070 994 ehemieas
1108 949 1232 1008 hujus
1270 950 1402 1010 insti-7-

272 1028 448 1072 tutionis
489 1035 662 1087 partes,
694 1028 749 1072 ab
790 1026 952 1087 optimo
980 1027 1097 1086 Rege
1111 1054 1125 1081 ι,
1167 1042 1293 1084 quem
1322 1027 1396 1071 in«.

275 1105 482 1148 columem
511 1104 582 1148 diu
621 1112 759 1149 servet
784 1104 899 1149 Deus
931 1104 1129 1163 Optimus
1161 1105 1397 1158 Maximum,

268 1180 315 1227 in
348 1196 421 1245 ‚me
463 1182 637 1225 collatas
674 1181 812 1226 video.
873 1181 1014 1225 Probe
1051 1181 1154 1225 mihi
1198 1181 1394 1226 conscius

269 1272 390 1309 sum,
422 1265 623 1315 quantum
665 1258 776 1303 absit
805 1265 851 1302 ut
889 1258 960 1302 tali
993 1258 1072 1302 sim
1099 1258 1263 1303 honore
1285 1259 1389 1321 *dig-

269 1348 377 1387 nus‚
409 1350 535 1391 quam
575 1349 706 1394 parca
744 1335 799 1379 sit
840 1335 943 1378 mihi
981 1335 1199 1391 doctrinae
1235 1335 1389 1395 copia,

271 1417 314 1457 et
349 1425 475 1468 quam
515 1426 668 1470 parum
702 1411 774 1456 tali
813 1412 976 1456 muneri
1016 1413 1127 1457 vires
1162 1427 1281 1457 meae
1307 1427 1393 1471 pa,-

268 1502 339 1532 res
391 1488 502 1543 sint3
564 1488 639 1532 sed
679 1488 791 1532 idem
834 1489 924 1533 scio
989 1497 1219 1547 sancteque
1267 1489 1392 1535 vobis

266 1562 358 1609 Viri
393 1563 679 1623 Amplissimi‚
705 1563 938 1623 polliceor,
975 1564 1035 1607 nil
1072 1564 1249 1608 arduum
1289 1563 1397 1609 mihi

267 1627 481 1694 visurum,
508 1647 548 1685 et
588 1656 656 1685 me
703 1655 851 1685 omnes
893 1640 1003 1685 vires
1037 1656 1131 1686 esse
1173 1640 1395 1685 adhibita,-

265 1732 389 1770 rum,
421 1724 466 1761 ut
502 1724 622 1762 tanto
661 1717 825 1763 honore
854 1732 940 1762 non
967 1717 1163 1776 indignus
1206 1716 1392 1774 habear,

267 1794 565 1851 benevolisque
596 1794 742 1839 vestris
763 1794 1043 1853 respondeam
1067 1793 1264 1839 consiliis.
1301 1793 1395 1838 Fa-

268 1871 329 1916 xit
366 1870 421 1915 D.
456 1870 511 1916 O.
545 1871 605 1915 M.
638 1878 684 1914 ut
725 1885 800 1915 vos
836 1871 939 1915 salvi
981 1870 1070 1915 sitis
1109 1878 1150 1915 et
1187 1886 1255 1916 res
1293 1886 1393 1916 ves-

264 1955 382 2000 trae,
414 1953 453 1992 et
479 1946 627 1991 vestris
653 1947 732 1991 sub
760 1941 959 2007 auspiciis
997 1947 1131 2006 magis
1169 1948 1388 2008 magisque

263 2025 414 2069 floreat
454 2023 696 2068 Academia.
757 2072 766 2075 ,

319 2103 417 2146 Jam
437 2098 507 2144 'ad
543 2115 619 2145 vos
654 2115 720 2146 me
757 2108 1032 2155 convertens,
1064 2101 1188 2160 hujus
1214 2102 1386 2152 Acade—

261 2177 371 2222 miae
405 2178 671 2222 Professores
700 2178 790 2222 Viri
829 2177 1085 2223 Clarissimi!
1119 2179 1263 2227 nescio
1300 2181 1388 2238 fere

262 2269 349 2312 quo
397 2269 465 2300 me
523 2255 651 2299 ducat
702 2262 742 2299 et
793 2255 1026 2314 praesentis
1079 2262 1120 2301 et
1171 2256 1388 2315 praeteriti

1276 2339 1386 2376 tem-
