<?xml version="1.0" encoding="UTF-8"?>
<!DOCTYPE html PUBLIC "-//W3C//DTD XHTML 1.0 Transitional//EN"
    "http://www.w3.org/TR/xhtml1/DTD/xhtml1-transitional.dtd">
<html xmlns="http://www.w3.org/1999/xhtml" xml:lang="en" lang="en">
 <head>
  <title>
</title>
<meta http-equiv="Content-Type" content="text/html;charset=utf-8" />
  <meta name='ocr-system' content='tesseract 3.04.00' />
  <meta name='ocr-capabilities' content='ocr_page ocr_carea ocr_par ocr_line ocrx_word'/>
</head>
<body>
  <div class='ocr_page' id='page_1' title='image "annalesacademiae29acad_0586.png"; bbox 0 0 1483 2860; ppageno 0'>
   <div class='ocr_carea' id='block_1_1' title="bbox 298 249 1172 300">
    <p class='ocr_par' dir='ltr' id='par_1_1' title="bbox 298 249 1172 300">
     <span class='ocr_line' id='line_1_1' title="bbox 298 249 1172 300; baseline -0.005 -9"><span class='ocrx_word' id='word_1_1' title='bbox 298 263 367 300; x_wconf 80' lang='lat'>172</span> <span class='ocrx_word' id='word_1_2' title='bbox 514 249 1172 289; x_wconf 84' lang='lat' dir='ltr'><strong>COMMENTATIO</strong></span> 
     </span>
    </p>
   </div>
   <div class='ocr_carea' id='block_1_2' title="bbox 278 357 1427 966">
    <p class='ocr_par' dir='ltr' id='par_1_2' title="bbox 278 357 1427 966">
     <span class='ocr_line' id='line_1_2' title="bbox 288 357 1427 407; baseline 0 -10"><span class='ocrx_word' id='word_1_3' title='bbox 288 367 399 406; x_wconf 85' lang='lat' dir='ltr'>tura,</span> <span class='ocrx_word' id='word_1_4' title='bbox 427 370 535 407; x_wconf 86' lang='lat' dir='ltr'>quam</span> <span class='ocrx_word' id='word_1_5' title='bbox 561 359 648 397; x_wconf 90' lang='lat' dir='ltr'>olim</span> <span class='ocrx_word' id='word_1_6' title='bbox 683 358 918 406; x_wconf 82' lang='lat' dir='ltr'>obtinuerat,</span> <span class='ocrx_word' id='word_1_7' title='bbox 945 358 1052 396; x_wconf 88' lang='lat' dir='ltr'>etiam</span> <span class='ocrx_word' id='word_1_8' title='bbox 1078 357 1273 397; x_wconf 89' lang='lat' dir='ltr'>destitutus</span> <span class='ocrx_word' id='word_1_9' title='bbox 1294 368 1384 397; x_wconf 88' lang='lat' dir='ltr'>erat.</span> <span class='ocrx_word' id='word_1_10' title='bbox 1425 364 1427 373; x_wconf 70' lang='lat'><strong><em>¹</em></strong></span> 
     </span>
     <span class='ocr_line' id='line_1_3' title="bbox 285 428 1388 478; baseline 0 -12"><span class='ocrx_word' id='word_1_11' title='bbox 285 428 418 476; x_wconf 85' lang='lat' dir='ltr'>Itaque</span> <span class='ocrx_word' id='word_1_12' title='bbox 437 430 502 467; x_wconf 88' lang='lat' dir='ltr'>hac</span> <span class='ocrx_word' id='word_1_13' title='bbox 524 430 568 467; x_wconf 94' lang='lat' dir='ltr'>de</span> <span class='ocrx_word' id='word_1_14' title='bbox 590 440 628 467; x_wconf 90' lang='lat' dir='ltr'>re</span> <span class='ocrx_word' id='word_1_15' title='bbox 649 440 734 466; x_wconf 86' lang='lat' dir='ltr'>cum</span> <span class='ocrx_word' id='word_1_16' title='bbox 760 429 962 467; x_wconf 84' lang='lat' dir='ltr'>Ordinibus</span> <span class='ocrx_word' id='word_1_17' title='bbox 989 429 1062 478; x_wconf 81' lang='lat' dir='ltr'>egit</span> <span class='ocrx_word' id='word_1_18' title='bbox 1076 456 1089 476; x_wconf 82' lang='lat'><strong>‚</strong></span> <span class='ocrx_word' id='word_1_19' title='bbox 1116 437 1152 466; x_wconf 92' lang='lat' dir='ltr'>et</span> <span class='ocrx_word' id='word_1_20' title='bbox 1168 456 1182 475; x_wconf 84' lang='lat'><strong>‚</strong></span> <span class='ocrx_word' id='word_1_21' title='bbox 1211 440 1297 476; x_wconf 90' lang='lat' dir='ltr'>quo·</span> <span class='ocrx_word' id='word_1_22' title='bbox 1314 441 1388 466; x_wconf 91' lang='lat' dir='ltr'>me-</span> 
     </span>
     <span class='ocr_line' id='line_1_4' title="bbox 284 497 1383 548; baseline 0.003 -14"><span class='ocrx_word' id='word_1_23' title='bbox 284 497 357 535; x_wconf 87' lang='lat' dir='ltr'>lius</span> <span class='ocrx_word' id='word_1_24' title='bbox 389 498 459 536; x_wconf 90' lang='lat' dir='ltr'>hoc</span> <span class='ocrx_word' id='word_1_25' title='bbox 487 497 704 546; x_wconf 83' lang='lat' dir='ltr'>perficeret,</span> <span class='ocrx_word' id='word_1_26' title='bbox 743 497 819 546; x_wconf 87' lang='lat' dir='ltr'>ipse</span> <span class='ocrx_word' id='word_1_27' title='bbox 855 499 1065 548; x_wconf 85' lang='lat' dir='ltr'>Trajectum</span> <span class='ocrx_word' id='word_1_28' title='bbox 1101 497 1292 546; x_wconf 88' lang='lat' dir='ltr'>profectus</span> <span class='ocrx_word' id='word_1_29' title='bbox 1313 508 1383 538; x_wconf 64' lang='grc' dir='ltr'>εει,</span> 
     </span>
     <span class='ocr_line' id='line_1_5' title="bbox 286 567 1387 618; baseline 0.001 -13"><span class='ocrx_word' id='word_1_30' title='bbox 286 567 426 615; x_wconf 85' lang='lat' dir='ltr'>cives,</span> <span class='ocrx_word' id='word_1_31' title='bbox 453 579 521 616; x_wconf 91' lang='lat' dir='ltr'>pro</span> <span class='ocrx_word' id='word_1_32' title='bbox 557 567 714 606; x_wconf 88' lang='lat' dir='ltr'>mirifico</span> <span class='ocrx_word' id='word_1_33' title='bbox 745 567 809 605; x_wconf 93' lang='lat' dir='ltr'>suo</span> <span class='ocrx_word' id='word_1_34' title='bbox 846 568 884 606; x_wconf 93' lang='lat' dir='ltr'>in</span> <span class='ocrx_word' id='word_1_35' title='bbox 906 569 1108 618; x_wconf 84' lang='lat' dir='ltr'>Principem</span> <span class='ocrx_word' id='word_1_36' title='bbox 1142 568 1297 615; x_wconf 87' lang='lat' dir='ltr'>favore,</span> <span class='ocrx_word' id='word_1_37' title='bbox 1324 569 1387 606; x_wconf 85' lang='lat' dir='ltr'>ad-</span> 
     </span>
     <span class='ocr_line' id='line_1_6' title="bbox 282 637 1384 686; baseline 0.001 -12"><span class='ocrx_word' id='word_1_38' title='bbox 282 638 489 675; x_wconf 88' lang='lat' dir='ltr'>venientem</span> <span class='ocrx_word' id='word_1_39' title='bbox 516 637 684 686; x_wconf 83' lang='lat' dir='ltr'>summo,</span> <span class='ocrx_word' id='word_1_40' title='bbox 711 638 812 685; x_wconf 90' lang='lat' dir='ltr'>quod</span> <span class='ocrx_word' id='word_1_41' title='bbox 839 637 947 676; x_wconf 86' lang='lat' dir='ltr'>variis</span> <span class='ocrx_word' id='word_1_42' title='bbox 974 638 1093 676; x_wconf 88' lang='lat' dir='ltr'>modis</span> <span class='ocrx_word' id='word_1_43' title='bbox 1133 638 1384 686; x_wconf 87' lang='lat' dir='ltr'>prodebatur,</span> 
     </span>
     <span class='ocr_line' id='line_1_7' title="bbox 282 707 1392 757; baseline 0 -12"><span class='ocrx_word' id='word_1_44' title='bbox 282 707 447 756; x_wconf 82' lang='lat' dir='ltr'>gaudio,</span> <span class='ocrx_word' id='word_1_45' title='bbox 487 717 720 757; x_wconf 85' lang='lat' dir='ltr'>exceperunt.</span> <span class='ocrx_word' id='word_1_46' title='bbox 774 708 901 746; x_wconf 82' lang='lat' dir='ltr'>Paullo</span> <span class='ocrx_word' id='word_1_47' title='bbox 934 716 1024 756; x_wconf 90' lang='lat' dir='ltr'>post</span> <span class='ocrx_word' id='word_1_48' title='bbox 1062 709 1392 747; x_wconf 64' lang='lat' dir='ltr'>Gulielmum»</span> 
     </span>
     <span class='ocr_line' id='line_1_8' title="bbox 279 776 1381 826; baseline -0.001 -11"><span class='ocrx_word' id='word_1_49' title='bbox 279 776 377 815; x_wconf 87' lang='lat' dir='ltr'>inter</span> <span class='ocrx_word' id='word_1_50' title='bbox 409 786 445 815; x_wconf 91' lang='lat' dir='ltr'>et</span> <span class='ocrx_word' id='word_1_51' title='bbox 491 777 650 815; x_wconf 86' lang='lat' dir='ltr'>Ordines</span> <span class='ocrx_word' id='word_1_52' title='bbox 693 786 842 826; x_wconf 85' lang='lat' dir='ltr'>pactum</span> <span class='ocrx_word' id='word_1_53' title='bbox 879 777 1010 815; x_wconf 88' lang='lat' dir='ltr'>initum</span> <span class='ocrx_word' id='word_1_54' title='bbox 1047 786 1133 824; x_wconf 88' lang='lat' dir='ltr'>est,</span> <span class='ocrx_word' id='word_1_55' title='bbox 1183 789 1259 826; x_wconf 91' lang='lat' dir='ltr'>quo</span> <span class='ocrx_word' id='word_1_56' title='bbox 1297 788 1381 814; x_wconf 89' lang='lat' dir='ltr'>eum</span> 
     </span>
     <span class='ocr_line' id='line_1_9' title="bbox 278 846 1382 894; baseline 0.001 -10"><span class='ocrx_word' id='word_1_57' title='bbox 278 846 389 884; x_wconf 87' lang='lat' dir='ltr'>certis</span> <span class='ocrx_word' id='word_1_58' title='bbox 430 846 650 894; x_wconf 85' lang='lat' dir='ltr'>quibusdam</span> <span class='ocrx_word' id='word_1_59' title='bbox 698 847 976 885; x_wconf 86' lang='lat' dir='ltr'>conditionibus</span> <span class='ocrx_word' id='word_1_60' title='bbox 1013 846 1238 894; x_wconf 88' lang='lat' dir='ltr'>praefectum</span> <span class='ocrx_word' id='word_1_61' title='bbox 1277 847 1382 886; x_wconf 86' lang='lat' dir='ltr'>suum</span> 
     </span>
     <span class='ocr_line' id='line_1_10' title="bbox 279 915 1118 966; baseline 0 -12"><span class='ocrx_word' id='word_1_62' title='bbox 279 915 404 955; x_wconf 87' lang='lat' dir='ltr'>rursus</span> <span class='ocrx_word' id='word_1_63' title='bbox 429 925 662 964; x_wconf 83' lang='lat' dir='ltr'>agnoverunt</span> <span class='ocrx_word' id='word_1_64' title='bbox 683 925 719 954; x_wconf 90' lang='lat' dir='ltr'>et</span> <span class='ocrx_word' id='word_1_65' title='bbox 742 917 1014 966; x_wconf 85' lang='lat' dir='ltr'>proclamarunt</span> <span class='ocrx_word' id='word_1_66' title='bbox 1035 916 1118 965; x_wconf 82' lang='lat'>(1).</span> 
     </span>
    </p>
   </div>
   <div class='ocr_carea' id='block_1_3' title="bbox 771 1067 899 1114">
    <p class='ocr_par' dir='ltr' id='par_1_3' title="bbox 771 1067 899 1114">
     <span class='ocr_line' id='line_1_11' title="bbox 771 1067 899 1114; baseline 0.008 -12"><span class='ocrx_word' id='word_1_67' title='bbox 771 1067 807 1114; x_wconf 78' lang='lat'>§.</span> <span class='ocrx_word' id='word_1_68' title='bbox 863 1077 899 1114; x_wconf 84' lang='lat'>3.</span> 
     </span>
    </p>
   </div>
   <div class='ocr_carea' id='block_1_4' title="bbox 279 1203 1435 2383">
    <p class='ocr_par' dir='ltr' id='par_1_4' title="bbox 279 1203 1435 2162">
     <span class='ocr_line' id='line_1_12' title="bbox 331 1203 1386 1258; baseline -0.009 -8"><span class='ocrx_word' id='word_1_69' title='bbox 331 1211 367 1250; x_wconf 90' lang='lat' dir='ltr'>A</span> <span class='ocrx_word' id='word_1_70' title='bbox 383 1222 438 1249; x_wconf 89' lang='lat' dir='ltr'>us</span> <span class='ocrx_word' id='word_1_71' title='bbox 454 1210 654 1248; x_wconf 89' lang='lat' dir='ltr'>triacus</span> <span class='ocrx_word' id='word_1_72' title='bbox 671 1238 684 1257; x_wconf 89' lang='lat'>,</span> <span class='ocrx_word' id='word_1_73' title='bbox 713 1210 799 1248; x_wconf 84' lang='lat' dir='ltr'>belli</span> <span class='ocrx_word' id='word_1_74' title='bbox 829 1208 978 1258; x_wconf 83' lang='lat' dir='ltr'>gerendi</span> <span class='ocrx_word' id='word_1_75' title='bbox 1003 1206 1239 1255; x_wconf 79' lang='lat' dir='ltr'>cupiditatem</span> <span class='ocrx_word' id='word_1_76' title='bbox 1269 1203 1386 1253; x_wconf 85' lang='lat' dir='ltr'>repri-</span> 
     </span>
     <span class='ocr_line' id='line_1_13' title="bbox 279 1274 1386 1328; baseline -0.007 -10"><span class='ocrx_word' id='word_1_77' title='bbox 279 1291 378 1318; x_wconf 84' lang='lat' dir='ltr'>mere</span> <span class='ocrx_word' id='word_1_78' title='bbox 414 1281 511 1319; x_wconf 86' lang='lat' dir='ltr'>haud</span> <span class='ocrx_word' id='word_1_79' title='bbox 548 1280 706 1328; x_wconf 88' lang='lat' dir='ltr'>amplius</span> <span class='ocrx_word' id='word_1_80' title='bbox 739 1281 895 1325; x_wconf 72' lang='lat' dir='ltr'>valens,</span> <span class='ocrx_word' id='word_1_81' title='bbox 923 1279 1129 1316; x_wconf 88' lang='lat' dir='ltr'>Namurcae</span> <span class='ocrx_word' id='word_1_82' title='bbox 1167 1285 1283 1313; x_wconf 82' lang='lat' dir='ltr'>arcem</span> <span class='ocrx_word' id='word_1_83' title='bbox 1318 1274 1386 1310; x_wconf 92' lang='lat' dir='ltr'>do-</span> 
     </span>
     <span class='ocr_line' id='line_1_14' title="bbox 281 1344 1385 1397; baseline -0.007 -10"><span class='ocrx_word' id='word_1_84' title='bbox 281 1351 318 1387; x_wconf 95' lang='lat'>10</span> <span class='ocrx_word' id='word_1_85' title='bbox 351 1350 465 1397; x_wconf 87' lang='lat' dir='ltr'>cepit.</span> <span class='ocrx_word' id='word_1_86' title='bbox 519 1350 618 1388; x_wconf 89' lang='lat' dir='ltr'>Haec</span> <span class='ocrx_word' id='word_1_87' title='bbox 651 1350 746 1387; x_wconf 91' lang='lat' dir='ltr'>enim</span> <span class='ocrx_word' id='word_1_88' title='bbox 782 1347 964 1397; x_wconf 77' lang='lat' dir='ltr'>aptissima</span> <span class='ocrx_word' id='word_1_89' title='bbox 986 1356 1090 1393; x_wconf 84' lang='lat' dir='ltr'>erat,</span> <span class='ocrx_word' id='word_1_90' title='bbox 1118 1345 1162 1383; x_wconf 89' lang='lat' dir='ltr'>ad</span> <span class='ocrx_word' id='word_1_91' title='bbox 1198 1344 1385 1392; x_wconf 87' lang='lat' dir='ltr'>Hispanas</span> 
     </span>
     <span class='ocr_line' id='line_1_15' title="bbox 280 1412 1386 1468; baseline -0.01 -9"><span class='ocrx_word' id='word_1_92' title='bbox 280 1419 558 1468; x_wconf 83' lang='lat' dir='ltr'>Germanasque</span> <span class='ocrx_word' id='word_1_93' title='bbox 586 1420 714 1468; x_wconf 86' lang='lat' dir='ltr'>copias</span> <span class='ocrx_word' id='word_1_94' title='bbox 749 1418 1005 1467; x_wconf 78' lang='lat' dir='ltr'>recipiendas,</span> <span class='ocrx_word' id='word_1_95' title='bbox 1034 1416 1138 1454; x_wconf 82' lang='lat' dir='ltr'>fimul</span> <span class='ocrx_word' id='word_1_96' title='bbox 1168 1424 1278 1460; x_wconf 88' lang='lat' dir='ltr'>atque</span> <span class='ocrx_word' id='word_1_97' title='bbox 1307 1412 1386 1449; x_wconf 91' lang='lat' dir='ltr'>bel-</span> 
     </span>
     <span class='ocr_line' id='line_1_16' title="bbox 279 1479 1384 1534; baseline -0.01 -7"><span class='ocrx_word' id='word_1_98' title='bbox 279 1490 357 1527; x_wconf 89' lang='lat' dir='ltr'>lum</span> <span class='ocrx_word' id='word_1_99' title='bbox 382 1499 510 1527; x_wconf 86' lang='lat' dir='ltr'>contra</span> <span class='ocrx_word' id='word_1_100' title='bbox 531 1488 692 1527; x_wconf 86' lang='lat' dir='ltr'>Ordines</span> <span class='ocrx_word' id='word_1_101' title='bbox 720 1487 938 1534; x_wconf 86' lang='lat' dir='ltr'>susciperet.</span> <span class='ocrx_word' id='word_1_102' title='bbox 995 1485 1095 1522; x_wconf 86' lang='lat' dir='ltr'>Tum</span> <span class='ocrx_word' id='word_1_103' title='bbox 1124 1483 1281 1521; x_wconf 83' lang='lat' dir='ltr'>Ordines</span> <span class='ocrx_word' id='word_1_104' title='bbox 1305 1479 1384 1518; x_wconf 90' lang='lat' dir='ltr'>Ge·</span> 
     </span>
     <span class='ocr_line' id='line_1_17' title="bbox 281 1549 1385 1606; baseline -0.009 -9"><span class='ocrx_word' id='word_1_105' title='bbox 281 1560 446 1606; x_wconf 88' lang='lat' dir='ltr'>nerales,</span> <span class='ocrx_word' id='word_1_106' title='bbox 485 1558 550 1606; x_wconf 89' lang='lat' dir='ltr'>qui</span> <span class='ocrx_word' id='word_1_107' title='bbox 587 1569 731 1596; x_wconf 88' lang='lat' dir='ltr'>omnem</span> <span class='ocrx_word' id='word_1_108' title='bbox 774 1556 872 1606; x_wconf 86' lang='lat' dir='ltr'>spem</span> <span class='ocrx_word' id='word_1_109' title='bbox 903 1555 1000 1593; x_wconf 83' lang='lat' dir='ltr'>suam</span> <span class='ocrx_word' id='word_1_110' title='bbox 1040 1554 1077 1591; x_wconf 90' lang='lat' dir='ltr'>in</span> <span class='ocrx_word' id='word_1_111' title='bbox 1115 1549 1385 1591; x_wconf 86' lang='lat' dir='ltr'>Austriaci</span> 
     </span>
     <span class='ocr_line' id='line_1_18' title="bbox 281 1619 1387 1678; baseline -0.009 -11"><span class='ocrx_word' id='word_1_112' title='bbox 281 1629 431 1667; x_wconf 86' lang='lat' dir='ltr'>lenitate</span> <span class='ocrx_word' id='word_1_113' title='bbox 470 1627 693 1678; x_wconf 82' lang='lat' dir='ltr'>posuerant,</span> <span class='ocrx_word' id='word_1_114' title='bbox 743 1625 983 1665; x_wconf 85' lang='lat' dir='ltr'>formidoloso</span> <span class='ocrx_word' id='word_1_115' title='bbox 1030 1632 1165 1672; x_wconf 91' lang='lat' dir='ltr'>coepto</span> <span class='ocrx_word' id='word_1_116' title='bbox 1202 1619 1387 1671; x_wconf 86' lang='lat' dir='ltr'>perterriti</span> 
     </span>
     <span class='ocr_line' id='line_1_19' title="bbox 284 1691 1385 1748; baseline -0.009 -11"><span class='ocrx_word' id='word_1_117' title='bbox 284 1711 354 1746; x_wconf 84' lang='lat' dir='ltr'>ea,</span> <span class='ocrx_word' id='word_1_118' title='bbox 382 1710 475 1748; x_wconf 85' lang='lat' dir='ltr'>quae</span> <span class='ocrx_word' id='word_1_119' title='bbox 500 1698 763 1748; x_wconf 82' lang='lat' dir='ltr'>praesagiverat</span> <span class='ocrx_word' id='word_1_120' title='bbox 789 1698 827 1736; x_wconf 93' lang='lat' dir='ltr'><strong>G</strong></span> <span class='ocrx_word' id='word_1_121' title='bbox 844 1696 1089 1735; x_wconf 88' lang='lat' dir='ltr'>ulielmus</span> <span class='ocrx_word' id='word_1_122' title='bbox 1106 1722 1119 1740; x_wconf 89' lang='lat'>‚</span> <span class='ocrx_word' id='word_1_123' title='bbox 1146 1694 1216 1741; x_wconf 84' lang='lat' dir='ltr'>jam</span> <span class='ocrx_word' id='word_1_124' title='bbox 1241 1691 1385 1729; x_wconf 89' lang='lat' dir='ltr'>evenire</span> 
     </span>
     <span class='ocr_line' id='line_1_20' title="bbox 280 1761 1389 1816; baseline -0.008 -9"><span class='ocrx_word' id='word_1_125' title='bbox 280 1768 453 1807; x_wconf 85' lang='lat' dir='ltr'>viderunt</span> <span class='ocrx_word' id='word_1_126' title='bbox 498 1779 609 1816; x_wconf 88' lang='lat' dir='ltr'>atque</span> <span class='ocrx_word' id='word_1_127' title='bbox 640 1780 716 1815; x_wconf 90' lang='lat' dir='ltr'>quo</span> <span class='ocrx_word' id='word_1_128' title='bbox 762 1767 798 1805; x_wconf 85' lang='lat' dir='ltr'>se</span> <span class='ocrx_word' id='word_1_129' title='bbox 842 1775 1027 1804; x_wconf 87' lang='lat' dir='ltr'>verterent</span> <span class='ocrx_word' id='word_1_130' title='bbox 1072 1765 1177 1813; x_wconf 79' lang='lat' dir='ltr'>plane</span> <span class='ocrx_word' id='word_1_131' title='bbox 1222 1761 1389 1800; x_wconf 86' lang='lat' dir='ltr'>nescive-</span> 
     </span>
     <span class='ocr_line' id='line_1_21' title="bbox 283 1833 1390 1889; baseline -0.006 -13"><span class='ocrx_word' id='word_1_132' title='bbox 283 1847 384 1876; x_wconf 86' lang='lat' dir='ltr'>runt.</span> <span class='ocrx_word' id='word_1_133' title='bbox 438 1838 622 1889; x_wconf 83' lang='lat' dir='ltr'>Quoniam</span> <span class='ocrx_word' id='word_1_134' title='bbox 659 1837 752 1875; x_wconf 85' lang='lat' dir='ltr'>nihil</span> <span class='ocrx_word' id='word_1_135' title='bbox 787 1837 939 1875; x_wconf 86' lang='lat' dir='ltr'>omnino</span> <span class='ocrx_word' id='word_1_136' title='bbox 967 1836 1051 1873; x_wconf 87' lang='lat' dir='ltr'>mali</span> <span class='ocrx_word' id='word_1_137' title='bbox 1082 1833 1254 1882; x_wconf 88' lang='lat' dir='ltr'>suspicati</span> <span class='ocrx_word' id='word_1_138' title='bbox 1287 1840 1390 1870; x_wconf 85' lang='lat' dir='ltr'>erant</span> 
     </span>
     <span class='ocr_line' id='line_1_22' title="bbox 283 1901 1435 1956; baseline -0.007 -11"><span class='ocrx_word' id='word_1_139' title='bbox 283 1916 320 1945; x_wconf 86' lang='lat' dir='ltr'>et</span> <span class='ocrx_word' id='word_1_140' title='bbox 355 1915 539 1956; x_wconf 85' lang='lat' dir='ltr'>praeterea</span> <span class='ocrx_word' id='word_1_141' title='bbox 572 1907 747 1955; x_wconf 88' lang='lat' dir='ltr'>pecuniae</span> <span class='ocrx_word' id='word_1_142' title='bbox 771 1906 923 1954; x_wconf 89' lang='lat' dir='ltr'>penuria</span> <span class='ocrx_word' id='word_1_143' title='bbox 948 1904 1226 1954; x_wconf 87' lang='lat' dir='ltr'>premebantur,</span> <span class='ocrx_word' id='word_1_144' title='bbox 1262 1901 1390 1948; x_wconf 86' lang='lat' dir='ltr'>copias</span> <span class='ocrx_word' id='word_1_145' title='bbox 1434 1934 1435 1937; x_wconf 75' lang='grc'>,</span> 
     </span>
     <span class='ocr_line' id='line_1_23' title="bbox 283 1973 1391 2023; baseline -0.005 -9"><span class='ocrx_word' id='word_1_146' title='bbox 283 1975 364 2015; x_wconf 88' lang='lat' dir='ltr'>suas</span> <span class='ocrx_word' id='word_1_147' title='bbox 404 1976 558 2014; x_wconf 83' lang='lat' dir='ltr'>maxima</span> <span class='ocrx_word' id='word_1_148' title='bbox 582 1985 683 2023; x_wconf 90' lang='lat' dir='ltr'>parte</span> <span class='ocrx_word' id='word_1_149' title='bbox 706 1975 925 2013; x_wconf 83' lang='lat' dir='ltr'>dimiserant.</span> <span class='ocrx_word' id='word_1_150' title='bbox 979 1974 1103 2023; x_wconf 88' lang='lat' dir='ltr'>Quare</span> <span class='ocrx_word' id='word_1_151' title='bbox 1130 1973 1240 2011; x_wconf 88' lang='lat' dir='ltr'>satius</span> <span class='ocrx_word' id='word_1_152' title='bbox 1275 1973 1391 2010; x_wconf 83' lang='lat' dir='ltr'>duxe-</span> 
     </span>
     <span class='ocr_line' id='line_1_24' title="bbox 284 2043 1387 2094; baseline -0.005 -9"><span class='ocrx_word' id='word_1_153' title='bbox 284 2055 400 2093; x_wconf 83' lang='lat' dir='ltr'>runt,</span> <span class='ocrx_word' id='word_1_154' title='bbox 433 2057 667 2094; x_wconf 87' lang='lat' dir='ltr'>quacumque</span> <span class='ocrx_word' id='word_1_155' title='bbox 697 2046 839 2082; x_wconf 88' lang='lat' dir='ltr'>tandem</span> <span class='ocrx_word' id='word_1_156' title='bbox 874 2043 1023 2093; x_wconf 88' lang='lat' dir='ltr'>possent</span> <span class='ocrx_word' id='word_1_157' title='bbox 1056 2043 1272 2081; x_wconf 88' lang='lat' dir='ltr'>conditione</span> <span class='ocrx_word' id='word_1_158' title='bbox 1303 2053 1387 2079; x_wconf 89' lang='lat' dir='ltr'>cum</span> 
     </span>
     <span class='ocr_line' id='line_1_25' title="bbox 285 2112 1393 2162; baseline -0.005 -7"><span class='ocrx_word' id='word_1_159' title='bbox 285 2116 571 2156; x_wconf 85' lang='lat' dir='ltr'>Austriaco</span> <span class='ocrx_word' id='word_1_160' title='bbox 609 2114 773 2162; x_wconf 83' lang='lat' dir='ltr'>pacisci,</span> <span class='ocrx_word' id='word_1_161' title='bbox 801 2124 909 2162; x_wconf 88' lang='lat' dir='ltr'>quam</span> <span class='ocrx_word' id='word_1_162' title='bbox 950 2113 1041 2153; x_wconf 83' lang='lat' dir='ltr'>belli</span> <span class='ocrx_word' id='word_1_163' title='bbox 1071 2113 1264 2162; x_wconf 77' lang='lat' dir='ltr'>periculosi</span> <span class='ocrx_word' id='word_1_164' title='bbox 1293 2112 1393 2150; x_wconf 89' lang='lat' dir='ltr'>anci-</span> 
     </span>
    </p>

    <p class='ocr_par' dir='ltr' id='par_1_5' title="bbox 288 2180 1396 2383">
     <span class='ocr_line' id='line_1_26' title="bbox 1337 2180 1394 2230; baseline -0.088 -11"><span class='ocrx_word' id='word_1_165' title='bbox 1337 2180 1394 2230; x_wconf 82' lang='lat' dir='ltr'>pi.</span> 
     </span>
     <span class='ocr_line' id='line_1_27' title="bbox 325 2287 1396 2329; baseline -0.006 -8"><span class='ocrx_word' id='word_1_166' title='bbox 325 2288 376 2329; x_wconf 87' lang='lat'>(1)</span> <span class='ocrx_word' id='word_1_167' title='bbox 400 2291 494 2326; x_wconf 83' lang='lat' dir='ltr'>Bor,</span> <span class='ocrx_word' id='word_1_168' title='bbox 523 2291 578 2319; x_wconf 89' lang='lat' dir='ltr'><strong>l.l.</strong></span> <span class='ocrx_word' id='word_1_169' title='bbox 609 2303 646 2313; x_wconf 89' lang='lat'>·-</span> <span class='ocrx_word' id='word_1_170' title='bbox 678 2289 915 2325; x_wconf 80' lang='lat' dir='ltr'>Hoost,1.1.</span> <span class='ocrx_word' id='word_1_171' title='bbox 947 2304 988 2311; x_wconf 91' lang='lat'>—</span> <span class='ocrx_word' id='word_1_172' title='bbox 1020 2288 1119 2317; x_wconf 71' lang='lat' dir='ltr'>Lmen</span> <span class='ocrx_word' id='word_1_173' title='bbox 1150 2293 1211 2316; x_wconf 78' lang='lat' dir='ltr'>cet.</span> <span class='ocrx_word' id='word_1_174' title='bbox 1245 2287 1300 2316; x_wconf 82' lang='lat'>111.</span> <span class='ocrx_word' id='word_1_175' title='bbox 1329 2292 1396 2322; x_wconf 74' lang='lat' dir='ltr'>paz.</span> 
     </span>
     <span class='ocr_line' id='line_1_28' title="bbox 288 2345 705 2383; baseline -0.01 -8"><span class='ocrx_word' id='word_1_176' title='bbox 288 2350 337 2383; x_wconf 71' lang='grc'>48.</span> <span class='ocrx_word' id='word_1_177' title='bbox 355 2345 398 2380; x_wconf 81' lang='lat' dir='ltr'>sq.</span> <span class='ocrx_word' id='word_1_178' title='bbox 704 2358 705 2361; x_wconf 67' lang='lat'><em>=</em></span> 
     </span>
    </p>
   </div>
  </div>
 </body>
</html>
