1483 2860
451 182 887 232 JURIDICA.
1174 180 1243 240 ἐς

121 290 206 338 quis
234 290 367 339 sponte
392 292 567 339 procedat
591 293 637 331 ad
660 294 952 332 contrahendum
970 322 983 342 ,
1012 302 1131 334 tamen
1171 299 1244 336 uti-

121 371 193 406 que
220 360 265 397 ab
298 362 409 399 altera
438 370 541 409 parte
574 362 657 400 talis
683 364 793 402 dolus
832 374 957 412 potest
991 365 1241 417 intervenire,

115 438 160 466 ut
182 429 256 467 fine
280 442 324 468 eo
354 430 567 478 neutiquam
594 433 864 480 contraxisset,
892 435 1060 482 adeoque
1095 447 1142 474 ex
1163 447 1234 476 art.

114 498 182 537 cit.
207 500 276 537 erit
304 500 596 548 rescindendus,
625 503 711 540 licet
746 514 822 541 non
854 503 897 541 fit
918 505 1028 543 dolus
1063 515 1234 545 contrac-

116 567 172 604 tui
205 568 346 606 causam
384 570 490 608 dans.
542 570 763 609 Prudentiae
790 584 878 610 vero
897 573 1036 621 judicis
1063 576 1236 615 relictum

116 646 173 675 est
200 646 242 675 ut
276 638 366 676 illud
387 638 559 686 definiat,
587 649 623 677 et
642 640 668 679 si
702 640 788 678 inde
815 641 906 680 effici
944 644 1101 692 nequit,
1131 645 1235 693 quo-1

115 706 190 745 fine
221 707 298 746 hoc
331 708 420 746 dolo
452 719 529 746 nou
558 710 823 759 contraxisset,
851 713 912 750 vel
950 713 997 751 fic
1022 723 1144 753 tamen
1179 717 1238 754 lo·

115 788 181 815 cus
215 786 293 815 tum
315 777 406 816 esset
436 778 558 818 damni
584 781 829 829 reparationi,
857 784 912 821 uti
941 794 1044 833 patet
1082 798 1127 824 ex
1161 794 1234 828 art.

117 850 245 895 1382,
273 847 338 895 qui
375 859 453 886 non
488 850 597 888 unice
623 851 669 889 ad
703 851 807 890 casus
844 852 1061 895 referendus
1087 865 1171 905 est,
1206 858 1234 898 st

114 917 225 955 dolus
257 916 300 955 fit
331 917 526 964 incidens,
557 919 616 958 sed
648 923 846 968 generatim
872 925 917 962 ad
947 938 1054 974 eum,
1081 926 1106 965 fi
1134 928 1237 966 dam-

113 997 203 1031 num
236 986 366 1026 sentiat
406 990 629 1038 contrahens
665 1002 709 1028 ex
751 993 839 1031 dolo
889 996 1067 1043 alterius,
1108 1010 1237 1046 quam-

113 1055 169 1093 vis
206 1056 414 1095 verosimile
448 1057 491 1097 fit
514 1058 549 1097 se
574 1071 652 1098 non
681 1060 848 1100 obstante
874 1065 1022 1112 quidem
1049 1067 1138 1105 dolo
1165 1068 1233 1107 illo

111 1135 387 1168 contracturum
424 1126 564 1175 fuisse,
593 1141 677 1168 nam
715 1142 825 1170 nemo
855 1145 941 1171 cum
977 1137 1111 1174 damno
1145 1139 1235 1176 aitea

111 1195 188 1234 rius
215 1196 323 1234 debet
359 1198 594 1246 locupletari.
648 1201 771 1240 Dolus
808 1215 897 1241 vero
929 1215 1006 1243 non
1033 1206 1234 1254 praesumi-

109 1276 171 1310 tur
185 1296 199 1315 ‚
220 1266 279 1304 sed
295 1267 500 1317 perspicuis
527 1269 676 1308 indiciis
699 1271 849 1320 probari
871 1273 1006 1313 debet:
1025 1284 1093 1314 art.
1115 1280 1230 1317 1116.

113 1359 124 1363 -·
152 1338 466 1386 -Impedimentum
505 1351 620 1389 porro
653 1343 918 1383 conventionis
960 1345 1018 1384 vis
1057 1355 1123 1384 aut
1155 1353 1234 1386 r'ne->

108 1417 170 1448 tus
198 1418 280 1457 est;
309 1421 390 1447 nam
420 1419 541 1448 metus
570 1411 795 1461 exceptione
821 1414 894 1453 sese
925 1423 1076 1463 tuetur,
1101 1417 1170 1466 qui
1193 1417 1232 1456 vi

106 1489 261 1519 coactus
293 1481 433 1529 aliquid
458 1483 627 1530 promifit
652 1483 725 1521 five
748 1493 939 1524 extraneae
962 1486 1036 1525 five
1053 1487 1119 1536 ipfi
1147 1499 1234 1538 per·

103 1549 243 1597 sonae,
272 1562 366 1597 quae
394 1560 530 1590 metum
560 1555 619 1590 vel
650 1553 724 1592 vim
753 1555 894 1594 intulit.
925 1557 954 1595 1.
991 1569 1024 1596 ι.
1055 1559 1092 1607 §.
1126 1570 1158 1600 1.
1183 1557 1227 1598 ff.

108 1620 213 1668 quod
231 1629 349 1658 metus
367 1621 486 1661 causa.
514 1622 554 1660 Si
584 1634 674 1661 vero
698 1636 755 1662 res
767 1626 840 1674 J’am
863 1627 995 1665 tradita
1009 1630 1069 1666 vel
1087 1628 1229 1668 factum

106 1688 316 1737 praestitum
354 1690 424 1738 fit,
450 1692 488 1729 in
520 1692 704 1741 integrum
738 1696 991 1735 restitutionis
1015 1698 1153 1737 auxilio
1173 1699 1231 1738 in-

103 1758 231 1808 diget,
259 1761 324 1808 qui
346 1762 392 1800 ad
411 1762 449 1799 id
473 1771 574 1800 metu
594 1773 659 1802 aut
683 1765 718 1803 vi
734 1774 887 1804 coactus
915 1776 972 1806 est
995 1769 1081 1817 (1).
1134 1769 1228 1808 Non

103 1841 194 1874 vero
231 1829 350 1869 solum
375 1832 433 1871 vis
455 1833 635 1872 nullitatis
667 1836 775 1875 causa
799 1845 883 1884 est,
915 1838 942 1876 fi
979 1838 1046 1886 ipfi
1078 1848 1230 1878 contra-

103 1899 207 1938 henti
235 1900 334 1940 illata
359 1901 433 1948 fit,
461 1900 522 1941 sed
546 1903 654 1941 etiam
683 1905 762 1954 ejus
795 1906 975 1956 conjugi,
1003 1908 1231 1947 descenden-

100 1969 205 2008 tibus
243 1980 279 2008 et
304 1972 641 2021 adscendentibus,
677 1985 760 2014 nam
793 1976 860 2015 suo
894 1976 1029 2016 affectu
1053 1986 1229 2027 parentes

101 2040 218 2090 magis
256 2041 294 2080 in
324 2041 453 2081 liberis
489 2051 688 2083 terrentur.
717 2046 747 2085 1.
771 2048 809 2085 8.
834 2047 877 2095 §-
918 2060 956 2097 3.
991 2049 1030 2087 d.
1057 2057 1090 2087 t.
1141 2049 1225 2088 Nec

100 2121 189 2149 vero
223 2120 379 2161 propter
415 2124 678 2163 quamcunque
706 2116 783 2154 vim
811 2117 1035 2159 rescinditur
1060 2131 1226 2159 conven-

1137 2190 1193 2230 tio
1209 2220 1223 2241 ‚

138 2266 191 2304 (ι)
213 2270 595 2309 warnkoenig,1.1.
617 2283 673 2312 47⁵
696 2283 729 2305 et
745 2280 818 2313 476.
