2912 4368
841 1185 1449 1232 THEOLoorcA.
1671 1199 1715 1237 13

596 1295 784 1347 valentes,
814 1308 1004 1347 quatuor,
1033 1309 1053 1336 e
1081 1296 1264 1347 primariis
1299 1296 1504 1345 Europae,
1541 1293 1650 1334 Asiae
1680 1304 1719 1334 et

597 1370 747 1409 Africae
777 1370 933 1408 urbibus
968 1368 1266 1417 metropolitanis
1311 1366 1460 1413 exorti,
1516 1376 1604 1414 prae
1634 1364 1719 1403 aliis

596 1440 668 1479 sese
697 1452 774 1478 non
801 1441 923 1477 minus
951 1451 1014 1486 re,
1047 1451 1158 1487 quam
1192 1438 1371 1484 nomine‚
1392 1444 1628 1484 evexerunt,
1655 1436 1722 1474 Pa-

593 1510 775 1549 triarchae
818 1510 934 1556 dicti3
983 1509 1022 1547 hi
1064 1509 1247 1547 variarum
1293 1507 1572 1557 provinciarum
1619 1505 1722 1544 dioe-

594 1580 691 1618 ceses
719 1580 785 1618 fibi
810 1580 1069 1629 subJecerunt‚
1096 1590 1209 1626 atque
1236 1580 1281 1617 ad
1306 1578 1451 1616 c1vilem
1475 1575 1625 1624 Imperii
1640 1575 1723 1613 Ro-

593 1651 690 1689 mani
719 1650 873 1688 formam
908 1650 1072 1689 ditiones
1111 1650 1447 1696 auctoritatemque
1480 1648 1581 1686 suam
1617 1657 1722 1684 com-

594 1721 799 1770 posuerunt
836 1723 916 1770 (ι).
973 1720 1134 1762 Exstitit
1159 1721 1209 1758 ita
1240 1719 1402 1769 regimen
1431 1719 1617 1767 quoddam
1653 1716 1724 1754 oli-

596 1792 837 1840 garchicum,
885 1803 1047 1840 quatuor
1073 1790 1246 1829 constans
1273 1788 1553 1837 rebus-publicis
1589 1786 1722 1826 Chris-

592 1861 729 1908 tianis,
765 1873 860 1909 quae
886 1861 1049 1909 singulae
1077 1862 1116 1898 in
1143 1861 1308 1909 Synodis
1334 1858 1633 1908 provincialibus
1669 1856 1723 1896 se-

593 1939 720 1968 natum
755 1930 861 1969 suum
909 1931 1121 1978 habebant,
1175 1930 1215 1967 in
1252 1928 1516 1968 Oecumenicis
1551 1939 1641 1967 vero
1674 1928 1723 1966 ad

591 2000 792 2041 Ecclefiam
819 2001 1022 2039 universam
1052 1999 1323 2039 referebantur.
1352 1998 1590 2039 Hierarchiae
1605 1999 1721 2046 igitur

591 2070 811 2108 muneribus
838 2072 905 2109 hac
934 2072 1089 2118 periodo
1118 2070 1241 2109 functi
1273 2070 1358 2109 sunt
1388 2070 1576 2119 Episcopi
1604 2069 1722 2108 Dioe-

589 2138 733 2187 cesam,
777 2140 1067 2190 Metropolitani
1090 2149 1126 2177 et
1150 2141 1406 2187 Patriarchae,
1445 2139 1603 2177 maxime
1638 2138 1721 2177 Ro·

589 2220 720 2247 manus
755 2219 791 2247 et
815 2209 1274 2258 Constantinopolitanus.

641 2279 816 2317 Heroicis
859 2279 1014 2327 studiis,
1066 2292 1161 2327 quae
1195 2279 1433 2328 praecedenti
1470 2287 1590 2318 aetate
1624 2288 1719 2317 con-

588 2347 713 2397 spicua
760 2349 938 2396 fuerant,
991 2349 1061 2387 alia
1110 2349 1379 2389 successerunt.
1456 2350 1718 2388 Anachoretae

588 2418 715 2465 enim,
766 2419 1065 2468 persecutionum
1102 2428 1271 2468 ternpore
1311 2420 1461 2468 exorti,
1512 2421 1559 2458 ad
1601 2420 1718 2458 vitam

588 2489 862 2528 coenobiticam
898 2490 934 2528 se
969 2492 1267 2540 convertebant;
1304 2491 1575 2529 monachorum
1613 2491 1719 2529 dein-

589 2571 679 2609 ceps
704 2560 842 2607 regulis
877 2560 1064 2607 adstricti,
1096 2561 1266 2608 quietae
1298 2561 1429 2609 pietati
1466 2560 1629 2599 animum
1658 2561 1716 2598 in-

588 2631 789 2668 tendebant
804 2659 816 2677 ,
838 2640 950 2678 atque
971 2630 1106 2668 semina
1122 2631 1287 2669 melioris
1309 2631 1563 2678 conditionis,
1593 2640 1717 2669 emen·

588 2700 750 2739 dationis
777 2700 928 2748 saltem,
959 2713 1053 2748 quae
1099 2713 1166 2750 per
1198 2709 1314 2739 totam
1350 2701 1544 2739 historiam
1583 2701 1718 2740 Eccle-

588 2768 768 2808 fiasticam
784 2771 1140 2818 animadvertimus,
1168 2772 1241 2809 hoc
1268 2782 1360 2809 aevo
1384 2770 1617 2821 spargebant.
1645 2771 1717 2820 (2)

639 2840 767 2889 Hujus
795 2841 925 2878 aetatis
951 2841 1098 2880 indoles
1124 2844 1265 2890 optime
1291 2842 1517 2891 dijudicatur
1543 2853 1563 2879 e
1582 2842 1715 2880 vincu-

587 2909 655 2957 lo,
692 2910 732 2949 id
767 2911 948 2959 temporis
995 2911 1144 2950 civilem
1191 2912 1288 2951 inter
1336 2921 1374 2951 et
1410 2911 1711 2951 Ecclefiasticatn

1624 2992 1712 3022 auc-

625 3094 678 3132 (1)
700 3096 793 3126 Conf.
816 3097 997 3135 Villers,
1018 3098 1113 3135 Essan'
1128 3100 1188 3137 sur
1203 3101 1377 3139 l’influmee
1398 3102 1434 3132 de
1455 3103 1488 3132 la
1504 3102 1711 3139 riser-marion

587 3150 621 3178 de
647 3152 788 3189 Luther,
809 3163 876 3189 pag.
901 3159 956 3190 38ss
978 3164 1009 3185 et
1029 3162 1098 3194 389.

625 3208 679 3243 (a.)
700 3211 792 3239 Conf.
815 3212 1013 3250 Themin,
1053 3215 1264 3254 Einfis'hrung
1291 3217 1348 3247 der
1377 3212 1709 3253 prtum-Ebuofig·

589 3265 675 3300 kaie.
696 3265 798 3297 Erster
820 3270 902 3299 Band
922 3277 991 3308 pag.
1015 3274 1065 3309 96.
1089 3280 1158 3310 sqq.
