1524 2850
429 253 896 296 ΟιιΛτιοΝιιΜ.
1179 266 1226 305 99

121 360 310 409 iniquius,
332 364 398 398 ‘aut
424 372 500 400 non
523 362 609 400 satis
639 370 829 402 accurate:
857 389 890 409 ‚,
909 360 1167 401 Pantheismus
1181 363 1223 410 ,”

119 431 241 479 inquit
258 457 276 477 ,-
308 459 341 478 ‚‚
355 429 488 486 finden
521 433 602 470 wir*
617 433 659 468 in
693 432 795 470 allen
823 432 1074 482 griechischen
1106 433 1228 479 syste-

117 524 152 550 5,-
173 513 281 549 men,
307 503 424 551 einige
454 513 730 550 ausgenommcn
743 528 757 548 ‚
784 513 861 539 nur
885 504 954 540 mit
977 500 1056 540 dem
1083 502 1223 540 Unter-

115 584 150 618 3,
172 569 311 608 scbiede
346 569 438 609 dasz
473 571 515 607 in
547 571 688 620 einigen
720 568 780 608 die
805 571 974 608 Materia
1010 571 1126 618 Gon,
1179 573 1221 608 in

112 666 158 687 ‚‚.
171 639 316 678 andern
351 640 441 679 Gott
465 639 534 678 der
567 640 736 678 Materia
773 652 825 678 an
852 639 912 678 die
948 640 1045 678 Seite
1076 648 1221 690 gesetze

113 725 155 758 „³
171 708 251 747 und
268 707 551 759 untergeordnet
575 711 638 747 ist.
652 709 675 725 '’
725 709 966 759 Quamquam]
984 711 1071 748 huic
1096 721 1221 748 assen-

111 779 179 818 tire
205 779 349 818 videtur
375 780 424 818 cl.
450 778 502 818 G.
528 777 574 817 B.
601 779 804 829 Jiische:
829 778 899 817 der
927 779 1188 817 -P-amheismus
1203 807 1216 826 ,

114 847 165 887 T.
190 848 223 888 1.
253 860 294 897 p.
313 861 347 887 1.
373 869 427 878 —
452 849 518 886 Me
546 850 666 886 au'tem
684 877 698 896 ‚
726 850 856 896 quod,
886 849 1067 888 Historia·
1085 849 1217 897 Duce,

112 919 274 965 comperi
294 931 334 956 ac
356 916 496 965 didici,
523 918 559 955 id
591 930 667 956 non
693 919 921 957 dissimulare
937 947 950 966 ,
976 920 1040 957 sed
1064 919 1216 957 candide

113 987 275 1037 profiteri
299 988 373 1025 veri
398 998 498 1025 amor
520 988 648 1037 Jussit.

160 1125 257 1175 Pag.
283 1137 348 1174 4¹·
377 1122 471 1173 (33)
498 1123 547 1161 V.
571 1123 808 1171 Francke‚
837 1125 862 1161 1.
892 1137 926 1162 c.
954 1136 995 1172 p.
1022 1126 1046 1162 6
1065 1136 1126 1173 sq.
1150 1124 1215 1163 ubi

108 1196 176 1234 alia
205 1206 354 1244 quoque
377 1196 472 1232 lectu
494 1193 602 1242 digna
626 1193 877 1232 inveniuntur.

222 1421 441 1471 (annotata
462 1421 515 1461 ad
531 1423 693 1461 alteram
717 1422 896 1461 orationis
913 1420 1101 1472 partem.)

158 1542 257 1592 Pag.
283 1553 346 1590 44.
373 1542 466 1590 (34)
494 1541 581 1580 Vid.
597 1542 746 1579 libellus
766 1541 1085 1590 elegantissimus:
1115 1540 1213 1578 Her-

103 1613 322 1661 u‘nneringen
344 1624 420 1649 aan
447 1610 591 1650 Wllem
616 1610 786 1648 Hendrik
811 1609 855 1648 de
884 1610 1066 1659 Beaufort
1081 1636 1096 1656 ‚
1121 1608 1211 1647 door

103 1680 178 1720 Ph.
212 1680 274 1720 W.
299 1692 375 1720 van
405 1679 562 1719 Heusde.
591 1679 718 1730 (Traj.
753 1681 798 1719 ad
827 1680 953 1719 Rhen.
989 1678 1124 1729 1830.)
1158 1699 1212 1709 —

104 1751 197 1791 Fato
219 1749 371 1789 functus
405 1758 462 1788 est
492 1750 605 1798 ampl.
631 1748 984 1796 Beaufortius.,
1019 1750 1058 1786 d.
1085 1760 1129 1786 21
1159 1760 1211 1787 m.

103 1820 243 1869 Aprilis
274 1832 309 1860 a.
349 1822 470 1869 1829,
504 1819 630 1859 aetatis
663 1831 798 1858 annum
830 1831 941 1869 agens
969 1828 1141 1867 quartum
1175 1827 1211 1856 et

105 1890 466 1939 quinquagesimum.

154 2027 252 2078 Pag.
276 2028 342 2076 48.
369 2025 464 2076 (35)
489 2026 659 2075 Eorum,
688 2036 781 2074 quae
811 2025 873 2065 hic
904 2025 1004 2073 dixi,
1035 2025 1214 2064 nonnulla

106 2098 211 2136 hausi
244 2109 289 2135 ex
324 2098 443 2146 ipsius
481 2096 788 2145 Heyligersii
825 2096 1018 2141 oratione,
1050 2094 1094 2133 de
1126 2107 1212 2134 ‘vero

105 2167 313 2218 chirurgo,
338 2169 454 2218 (quae
476 2163 662 2206 invenitur'
680 2167 718 2205 in
743 2165 846 2205 Ann.
873 2165 1099 2204 Academiae
1112 2165 1213 2203 Rbe-

105 2237 293 2286 no·Traj.
319 2249 352 2276 a.
386 2239 676 2287 1819—1820.)
705 2249 744 2286 p.
767 2250 818 2286 42
843 2248 931 2286 sqq.
997 2237 1078 2275 Alia
1101 2247 1212 2285 quae·

107 2307 188 2345 dam
213 2307 301 2355 petii
325 2317 368 2347 ex
395 2308 444 2346 cl.
474 2307 725 2356 Heringae
757 2308 805 2347 E.
829 2308 875 2348 F.
901 2308 1138 2347 annotatione
1166 2308 1211 2344 ad

619 2375 655 2414 G
685 2390 705 2413 2
1132 2386 1211 2414 ora·
