1524 2850
276 607 1074 663 I'NTROITUS.

608 925 647 974 §-
705 937 740 964 1.

456 1061 710 1108 Hierarchiae
749 1071 906 1102 aetates.

164 1189 405 1252 Hierarchia
434 1224 454 1252 e
480 1213 692 1253 discrimine
717 1214 874 1254 clericos
904 1214 1000 1252 inter
1027 1221 1063 1252 et
1095 1211 1237 1258 laicos,

115 1288 228 1328 atque
266 1294 311 1321 ex
343 1293 576 1322 accrescente
610 1297 697 1333 prae
733 1286 792 1323 his
826 1286 978 1322 illorum
1016 1282 1239 1321 auctoritate

115 1352 284 1391 universe
319 1365 375 1392 est
411 1356 636 1405 repetenda3
675 1357 748 1394 hoc
786 1355 1011 1402 discrimen,
1046 1365 1067 1392 a
1092 1352 1239 1391 saeculo

113 1421 200 1461 inde
237 1424 287 1462 ΙΙ.
314 1425 353 1462 in
376 1425 541 1465 Ecclefia
570 1435 741 1464 exortum
759 1454 773 1475 ,
812 1425 967 1466 diverfis
1002 1419 1240 1472 temporibus

115 1490 296 1530 diversum
311 1492 443 1532 habuit
459 1495 785 1533 characterismum
801 1508 814 1545 3
830 1494 962 1534 habuit
981 1494 1078 1532 enim
1104 1493 1242 1531 hierar-

116 1562 201 1602 chia
214 1561 295 1602 suas
322 1572 460 1604 aetates
486 1574 522 1603 et
547 1565 736 1614 indolem,
763 1565 875 1604 variis
901 1564 1086 1604 aetatibus
1119 1560 1243 1602 diver·

115 1631 206 1671 sam.
261 1632 324 1672 Sic
361 1633 407 1671 ab
447 1635 726 1683 Apostolorum
763 1637 851 1674 inde
890 1644 1060 1684 tempore
1085 1633 1132 1672 ad
1167 1643 1244 1670 me-

120 1702 224 1740 dium
246 1702 428 1742 saeculum
454 1705 507 1744 XI
524 1734 537 1753 ,
577 1714 653 1744 tres
677 1705 909 1755 potissimum
932 1704 1159 1743 hierarchiae
1181 1715 1246 1753 pe·

117 1772 248 1812 riodos
274 1774 547 1814 discernimus:

165 1844 369 1894 Primam,
395 1846 442 1884 ab
467 1846 668 1895 Apostolis
698 1846 746 1884 ad
771 1845 973 1884 concilium
1004 1845 1214 1885 Nicaenutn
1229 1871 1244 1892 ,

216 1914 264 1954 ab
286 1925 385 1955 anno
412 1916 463 1956 C.
494 1916 549 1954 N.
581 1927 626 1966 33
655 1917 701 1954 ad
728 1926 819 1966 325.

165 1984 375 2024 Secundam
389 2014 404 2034 ‚
431 1997 452 2025 a
471 1986 635 2025 concilio
656 1987 827 2026 Nicaeno
846 1986 892 2026 ad
919 1985 1149 2035 Stephanum
1163 1983 1244 2031 111,

219 2063 295 2104 325
319 2055 366 2094 ad
392 2064 483 2105 754·
512 2055 582 2106 (ι)
1157 2081 1168 2095 ·

1156 2127 1248 2166 Ter·

157 2190 214 2243 (ι)
234 2205 319 2253 cuni
338 2207 377 2236 de
401 2206 597 2238 Hierarchiae
623 2209 791 2245 singulatim
815 2210 991 2247 spectatae,
1021 2217 1084 2240 non
1109 2217 1185 2239 vero
1207 2209 1246 2238 de

119 2261 279 2292 universae
290 2263 446 2293 Historiae
458 2265 688 2296 Eccleflasticae
705 2268 854 2298 aetatibus
865 2269 916 2298 hic
932 2275 1053 2304 agerem
1062 2287 1074 2304 ‚
1085 2267 1248 2296 secundam

122 2317 304 2361 periodum,
324 2326 387 2349 non
411 2320 449 2349 ad
474 2322 665 2353 Muhamedis
682 2331 780 2360 usque
799 2332 957 2362 tempora,
978 2323 1068 2359 cujus
1085 2323 1132 2353 vis
1148 2322 1179 2351 in
1198 2313 1246 2350 se-

1170 2375 1242 2406 dem
