1483 2860
404 185 1004 227 Trimonoch.
1221 198 1269 238 ς,

155 296 209 336 ibi
230 295 365 346 populi
389 296 552 335 Romani
569 296 731 334 animum
759 307 842 343 erga
864 305 1009 334 novum
1031 293 1165 343 Papam
1190 307 1273 344 per»-

156 367 296 416 ciperet
331 375 367 406 et
399 367 548 405 confilia
575 367 716 405 eventis
747 367 983 414 ponderaret.
1036 366 1108 404 His
1143 366 1275 414 cogni-

156 436 228 484 tis,
255 437 526 476 Hildebrandus
549 436 720 475 Siennam
734 436 926 474 Romanos
944 436 1162 484 Episcopos
1183 446 1277 474 con-

156 504 309 545 vocavit
345 506 469 554 iisque
496 505 732 552 Gerardum,
772 505 982 544 Florentiae
1017 504 1275 553 Episcopum,

156 573 316 624 supremi
343 575 538 614 Pontificis
575 585 726 613 munere
764 575 970 614 ornandum
1008 574 1150 614 obtulit
1186 576 1274 625 (ι).

156 645 232 684 Hic
256 645 399 687 clericis
432 655 605 694 acceptus
624 674 637 694 ‚
667 647 811 695 populo
846 656 974 694 gratus
1007 655 1044 685 et
1078 646 1124 684 ab
1160 646 1279 695 Impe-

156 723 278 757 ratore
313 716 579 764 comprobatus
599 745 613 764 ,
665 715 817 754 Nicolai
849 714 900 755 ΙΙ.
939 725 1076 755 nomen
1123 713 1278 763 sumfit,

160 784 320 825 Romam
343 786 527 825 continuo
561 784 757 834 profectus
789 795 875 834 est,
903 795 940 824 et
972 785 1213 825 Benedictum
1235 786 1283 825 ad

158 854 372 905 dignitatem
406 855 506 896 suam
541 856 777 896 abdicandam
813 857 950 905 coegit,

212 928 326 966 Anno
367 937 464 974 1052
491 926 672 964 Nicolaus
713 927 879 965 Concilii
917 927 1173 966 Lateranenfis
1198 938 1286 966 auc.

160 1005 222 1034 tor
260 994 362 1044 fuit,
395 997 462 1034 ubi
498 996 673 1034 omnibus
703 996 863 1035 disfidiis
894 998 940 1035 de
973 999 1154 1047 Paparum
1190 1000 1289 1036 elec·-

159 1065 263 1105 tione
303 1066 414 1103 finem
460 1064 652 1114 imponere
691 1066 758 1104 fibi
802 1066 1028 1116 proposuit3
1083 1079 1192 1116 quam
1230 1068 1281 1106 ob

161 1134 304 1173 causam
359 1135 611 1173 Cardinalium
665 1137 874 1185 supremum
924 1138 1125 1186 collegium
1183 1138 1288 1177 insti·

162 1204 236 1243 tuit
262 1205 357 1253 (α),
385 1217 498 1253 penes
529 1207 632 1254 quod
655 1208 832 1255 Paparum
862 1209 994 1246 electio
1021 1208 1059 1246 in
1088 1217 1293 1258 posterumv

160 1274 274 1313 foret.
302 1274 555 1314 Cardinalium
585 1276 651 1324 (3)
682 1275 820 1314 scilicet
845 1278 984 1316 mentio
1003 1275 1146 1317 saeculo
1177 1280 1281 1320 VIII.

160 1345 234 1394 jam
273 1342 369 1383 facta
405 1344 554 1391 fuerat,
596 1345 662 1392 qui
699 1355 788 1384 tunc
828 1348 1008 1396 majorum
1056 1347 1288 1387 ecclefiarum

160 1413 371 1462 presbyteri
401 1426 442 1452 ac
472 1414 617 1452 diaconi
653 1415 796 1453 Romae
819 1427 944 1466 erant3
973 1417 1084 1457 iidem
1113 1418 1289 1467 deinceps

163 1482 315 1531 fingulis
349 1484 538 1532 parochiis
577 1485 842 1533 praefuerunt,
896 1487 956 1526 sed
990 1490 1050 1527 vel
1080 1488 1127 1527 fic
1166 1500 1288 1528 tamen

161 1552 302 1602 semper
331 1553 427 1592 infra
449 1555 666 1603 Episcopos
704 1555 820 1593 habiti
860 1556 1021 1597 fuerant.
1085 1560 1145 1599 Ex
1182 1559 1286 1598 urbi-

1210 1629 1285 1669 bus

202 1756 256 1793 (1)
278 1756 516 1785 Lambertus
542 1757 834 1793 schafnaburg.
865 1759 899 1787 de
927 1761 1018 1788 rebus
1042 1761 1288 1797 Germanorum,

167 1813 204 1842 ad
229 1820 338 1841 annum
367 1820 451 1847 1059·

203 1869 260 1907 (2)
281 1869 349 1898 Vid.
373 1869 556 1904 Villers,
578 1872 601 1899 1.
624 1879 652 1900 c.
675 1879 742 1906 pag.
768 1881 837 1907 4¹1·

203 1926 258 1962 (3)
279 1927 400 1955 Nomen
419 1926 642 1962 cardinalium,
682 1928 761 1955 unde
788 1936 888 1957 ortum
910 1930 962 1965 fit,
999 1937 1061 1958 non
1099 1937 1205 1960 omnes
1224 1937 1297 1960 con·

168 1983 323 2017 sentiunt3
361 1984 413 2012 alii
455 1983 525 2012 illos
559 1984 597 2012 fic
638 1983 737 2013 dictos
775 1985 950 2015 existimant
999 1993 1108 2022 utpote
1143 1987 1296 2016 cardines

167 2040 340 2074 Ecclefiae3
369 2040 420 2069 alii
446 2041 561 2069 rursum
590 2042 673 2075 quod
692 2041 824 2076 proximi
844 2042 944 2071 essent
970 2043 1123 2079 Cardini,
1143 2051 1204 2079 quo
1227 2051 1293 2074 mo-

167 2105 277 2126 ventur
302 2098 422 2133 omnia,
459 2099 574 2134 Papae;
611 2097 665 2126 alii
702 2099 821 2127 tandem
854 2107 885 2128 et
909 2100 1036 2135 vetius,
1071 2107 1105 2129 ut
1144 2102 1291 2137 videtur,

168 2151 341 2182 Cardiuales
365 2152 542 2188 fimpliciter
573 2153 671 2182 dictos
698 2154 793 2183 fuisse
820 2162 927 2190 putant
954 2163 1092 2192 tanquam
1120 2159 1292 2196 Principa-

168 2209 225 2237 lu.
263 2209 360 2238 Cardo
390 2209 472 2237 enim
498 2211 577 2245 apud
607 2211 740 2245 optimos
769 2211 861 2241 etiam
891 2219 1031 2243 auctores
1059 2215 1200 2250 fignificat
1219 2235 1230 2252 ‚
1261 2216 1292 2245 id

173 2264 255 2297 quod
278 2262 308 2292 in
329 2263 429 2300 aliqua
454 2273 487 2294 re
512 2268 713 2303 praecipuum
742 2275 797 2296 est.
