1524 2850
262 201 288 229 ο
564 186 1081 230 PRAEFATIO.

263 295 462 335 fuscarunt
500 296 703 345 opiniones
729 296 1025 346 praejudicatae,
1064 295 1206 345 quique
1241 295 1385 346 integer

257 359 374 416 judex
409 368 454 405 ad
491 379 567 405 rem
601 367 900 406 confiderandam
940 366 1082 404 accedit
1102 394 1116 414 ‚
1163 366 1383 416 celebratam

263 435 363 474 illam
388 444 425 474 et
452 435 718 484 sacrosanctam}
731 436 867 473 scilicet
893 443 1118 483 potestatem
1152 446 1197 473 ex
1231 435 1385 475 audacia

261 505 352 544 cleri
380 515 417 544 et
448 506 627 545 laicorum
654 504 804 553 ignavia
837 504 1018 553 originem
1055 503 1232 551 duxisse,
1259 515 1383 552 neque

261 576 341 613 uno
368 575 441 614 alio
467 576 708 613 fundamento
722 573 790 611 niti
806 601 820 620 ‚
845 585 955 622 quam
981 574 1065 624 jure
1091 572 1291 622 fortioris,
1311 573 1386 611 cal-

259 645 405 683 lidioris
438 653 475 682 et
507 643 811 693 impudentioris.

312 714 501 768 Quocirca
540 714 587 769 ad
628 714 742 764 hujus
776 711 856 755 aevi
883 712 1141 769 conditionem
1175 723 1386 752 accommo-

261 784 345 821 date
369 784 445 832 egit
470 783 690 822 Veneranda
715 781 949 830 Theologiae
983 783 1153 820 Facultas
1176 782 1215 820 in
1242 784 1386 822 Acade·

260 853 335 891 mia
350 853 723 902 Rheno-TraJectina
737 881 750 899 ‚
779 853 1036 900 quaestionem
1059 852 1099 891 in
1120 853 1321 892 certamine
1341 853 1387 892 li-

259 922 394 961 terario
424 923 538 973 hujus
564 922 654 963 anni
679 932 921 971 proponens:

412 1088 447 1108 ‚‚
476 1060 668 1111 Quaenam
678 1060 767 1109 fuit
787 1060 1041 1099 Hierarchiae
1063 1059 1260 1100 Romanae
1273 1089 1288 1110 ‚
1311 1075 1386 1101 mc·

362 1157 394 1178 ‚‚
421 1130 481 1169 dio
513 1131 638 1177 seculo
664 1131 756 1179 XI,
795 1141 885 1169 ante
919 1132 1146 1181 Gregorium
1169 1132 1274 1180 VII,
1299 1145 1384 1171 con—

363 1227 396 1255 „
421 1200 516 1254 ditio
560 1209 599 1254 et,
645 1202 856 1253 anctoritas
869 1203 894 1240 ,Ρ
944 1199 1068 1250 Quam
1114 1200 1228 1240 subiit
1241 1231 1255 1247 ‚
1315 1201 1382 1246 illo

362 1297 395 1321 „
422 1278 576 1324 α-υιζζᾳτε
591 1299 607 1324 ,,
630 1272 952 1324 commutationem
968 1270 1027 1311 .?”

308 1410 416 1463 Quae
432 1410 580 1464 quidem
597 1410 768 1459 quaestio
784 1438 797 1457 ,
809 1422 895 1449 cum
921 1411 959 1448 in
978 1409 1188 1458 originibus
1203 1419 1240 1449 et
1263 1410 1384 1449 incre-

257 1480 395 1534 mentis,
418 1480 627 1534 despotismi
651 1481 795 1530 Papalis
830 1480 1082 1520 describendis
1107 1480 1302 1531 versetur,
1341 1481 1383 1533 in

256 1550 457 1604 Historiae
472 1550 753 1604 Ecclesiasticae
789 1551 1008 1590 tractatione
1034 1551 1184 1590 maximi
1215 1559 1273 1589 est
1300 1562 1384 1589 mo-

257 1621 387 1675 menti.
430 1621 585 1673 Nullius
610 1621 681 1661 viri
705 1621 900 1669 conamina
926 1623 1100 1671 majorem
1118 1649 1131 1669 ,
1158 1632 1225 1670 per
1258 1620 1384 1673 omnia

254 1690 431 1743 deinceps
445 1689 585 1745 saecula
596 1719 611 1744 ⁹.
623 1691 698 1729 vim
716 1691 954 1744 exseruerunt
964 1720 977 1739 ,
991 1693 1228 1740 majoresque
1252 1691 1291 1743 in
1305 1692 1383 1731 Ee-

253 1760 383 1814 clefiae
393 1772 470 1814 non
495 1761 613 1815 solnm
628 1762 850 1814 conditione
866 1790 879 1810 ,
891 1774 1020 1800 verum
1033 1761 1071 1799 in
1094 1761 1215 1800 totius
1226 1760 1306 1800 fere
1318 1772 1380 1800 or,-

250 1826 309 1875 bjs
323 1837 501 1882 terrarum
520 1829 614 1868 statu
632 1830 786 1883 effectus
801 1831 1009 1869 habuerunt
1025 1859 1039 1879 ,
1061 1842 1172 1879 quam
1202 1830 1382 1880 Gregorii

247 1897 324 1945 VII
363 1899 600 1948 molitiones,
641 1912 735 1950 quae
749 1929 763 1947 ‚
812 1899 881 1938 nist
930 1909 1101 1938 accurate
1136 1900 1381 1951 investigatae

250 1965 346 2014 filit,
389 1980 497 2016 quam
536 1981 667 2018 parum
709 1970 850 2018 reliqua
882 1970 1067 2009 Ecclesiae
1114 1962 1290 2009 Historia
1323 1970 1385 2014 in-,

248 2038 366 2086 telligi
408 2038 550 2088 posffl,
577 2050 654 2078 non
690 2051 788 2088 opus
810 2050 866 2078 est
890 2050 931 2079 ut
957 2040 1133 2089 pluribus
1155 2040 1291 2092 dicam,

300 2108 401 2146 Mihi
435 2118 582 2157 autem,
621 2110 715 2148 hanc
748 2109 953 2150 studiorum
992 2118 1135 2160 partem
1177 2110 1351 2160 tractanti
1363 2138 1384 2162 ,Ι

248 2187 417 2226 pergrata
448 2178 511 2218 illa
547 2179 719 2227 quaestio
756 2181 915 2229 accidit,
947 2192 1072 2230 quae,
1100 2188 1138 2219 et
1169 2180 1378 2220 studiorum

247 2248 592 2305 promovendorum
609 2276 628 2305 ².
660 2256 700 2288 et
732 2248 896 2289 honores
932 2249 1185 2301 consequendi
1213 2248 1381 2291 occafi0-,

1289 2329 1374 2358 nem
