1560 2860
387 314 860 356 Ona-rloNEM.
1137 322 1182 366 83

63 433 164 473 que,
194 425 294 471 quod
320 424 357 463 in
386 425 511 463 multis
549 425 631 464 aliis
656 434 730 464 usu
755 426 857 470 venit
873 453 887 473 ,
915 426 1179 465 sententiarum

60 494 254 533 conversio
281 496 325 533 ad
346 506 453 534 usum
478 495 654 544 loquendi
678 496 980 534 commutandum
1017 496 1091 534 vim
1119 495 1182 535 ha-

63 563 158 602 buit.

108 701 209 752 Pag.
237 712 277 750 9.
306 699 375 749 (4)
401 700 490 740 Vid.
530 699 693 750 Diogen.
729 698 854 740 Laert.
889 699 940 740 L.
971 702 1019 740 X.
1059 701 1097 749 §-
1126 715 1180 750 4,

64 772 201 811 collato
244 770 642 810 Tennemanno:
686 770 818 810 Gcsch.
859 770 928 808 der
953 771 1099 811 Philos.
1128 772 1178 811 T.

67 841 138 882 111.
163 853 204 891 p.
231 843 318 890 348.
358 841 448 880 Nou
474 842 606 890 ignoro
622 868 636 888 ,
663 842 753 880 alias
777 841 885 879 etiam
913 841 1184 901 caussasqfuis-

67 923 136 960 se,
183 923 277 960 quae
313 923 334 950 a
369 912 543 960 religione
579 920 780 950 averterent
808 911 964 960 Epicuri
1001 913 1178 950 animum.

70 981 248 1029 Etenim,
275 982 313 1020 in
338 982 494 1029 pueritia
512 982 616 1030 jam,
642 981 691 1019 ita
704 981 960 1020 Democritum
984 982 1184 1021 admiratus

68 1061 171 1097 erat,
221 1060 291 1099 ut,
342 1053 496 1090 docente
535 1050 648 1090 Cotta
687 1063 748 1100 ap.
799 1052 908 1092 Cic.
940 1051 985 1090 de
1025 1053 1084 1090 N.
1122 1053 1179 1093 D.

64 1121 96 1160 Ι.
135 1121 213 1167 26,
250 1121 318 1158 etsi
350 1121 525 1167 quaedam
563 1129 822 1169 commutans,
849 1123 1023 1170 pleraque
1061 1131 1181 1161 tamen

68 1189 206 1227 diceret
238 1190 375 1228 eadem.
426 1189 516 1227 Item
542 1200 586 1228 ex
622 1188 839 1241 Aristippo,
877 1191 1026 1230 scholae
1065 1192 1183 1242 Cyre.

69 1260 193 1298 na‘icae
216 1269 394 1306 auctore,
434 1260 609 1307 quaedam
641 1270 724 1297 eum
764 1260 959 1308 hausisse,
987 1261 1182 1310 utriusque

69 1330 116 1367 de
150 1340 296 1368 summo
334 1331 434 1368 bono
458 1331 676 1377 placitorum
716 1329 923 1370 similitudo
958 1332 1061 1369 valde
1094 1343 1185 1380 pro-

68 1399 189 1436 babile
214 1399 347 1438 reddit.
398 1399 609 1438 Democriti
638 1408 758 1438 autem
792 1409 828 1439 et
852 1400 1043 1453 Aristippi
1072 1402 1184 1440 disci·

68 1467 219 1517 plinae,
256 1469 324 1507 etsi
350 1469 388 1507 in
423 1470 608 1517 plerisque
629 1471 738 1519 longe
771 1482 791 1509 a
827 1481 867 1509 se
901 1472 1056 1510 invicem
1083 1483 1182 1510 rece-

67 1540 222 1585 dentes,
250 1538 299 1577 ita
321 1548 440 1577 tamen
468 1540 762 1588 conveniebant,
800 1549 843 1579 ut
878 1542 1046 1591 religioni
1079 1551 1178 1580 utra-

69 1620 143 1657 que
169 1608 316 1647 inimica
337 1619 448 1647 esset.
499 1609 579 1648 Nec
614 1610 747 1648 mirum
774 1611 915 1659 igitur,
943 1612 1178 1660 Epicurum,

71 1679 264 1727 utriusque
293 1680 471 1718 doctrinis
507 1680 756 1728 innutritum,
787 1681 824 1718 in
861 1679 990 1729 fidem,
1023 1681 1181 1721 Numini

68 1748 209 1788 Divino
248 1749 477 1797 habendam,
520 1749 739 1797 iniquiorem
774 1749 919 1799 fuisse3
960 1763 1044 1795 cum
1078 1762 1182 1801 prae-

69 1819 195 1857 sertim
222 1819 338 1858 levior
359 1819 475 1868 ipsius
499 1820 642 1858 indoles
670 1822 869 1860 accederet.
923 1821 993 1860 Vel
1035 1822 1088 1860 sic
1126 1831 1179 1860 ta·

70 1900 178 1938 men,
205 1890 250 1928 ad
277 1880 567 1941 psyc'lzologicam
599 1890 812 1938 doctrinae,
841 1902 950 1939 quam
984 1890 1177 1939 professus

66 1968 151 2007 est,
185 1959 496 2008 explicationem,
539 1972 708 2009 magnam
743 1962 897 2000 omnino
939 1961 1012 2001 vim
1045 1962 1175 2002 habere

1 2027 6 2034 “
41 2047 47 2055 ·
69 2029 213 2068 videtur
236 2019 387 2068 citatum
413 2029 592 2078 Diogenis
617 2031 755 2070 Laertii
771 2032 1042 2071 testimonium.

116 2166 264 2207 Ibidem.
294 2166 364 2216 (5)
392 2168 603 2207 Admodum
629 2170 897 2210 memorabilem
922 2172 1174 2221 Diagorae

71 2235 260 2276 historiam
279 2263 294 2285 ,
319 2238 356 2276 in
394 2240 471 2286 qud
498 2247 617 2278 tamen
649 2241 828 2279 narranda
865 2241 1088 2279 dissentiunt
1113 2253 1175 2280 ve—

68 2316 194 2355 teres,
231 2318 278 2345 ex
318 2308 450 2346 horum
485 2310 635 2359 scriptis
675 2311 799 2350 retulit
834 2310 1172 2359 Barthelemy,

64 2375 262 2428 Peregrin.
298 2375 534 2420 Anarchars.
574 2378 628 2420 T.
668 2380 770 2422 V111.
807 2393 847 2430 p.
888 2392 962 2420 200
989 2393 1073 2429 sqq.
1105 2380 1172 2427 (ex

604 2450 633 2490 F
661 2463 684 2489 2
1115 2450 1172 2487 cd.
