1560 2860
331 279 391 327 74
692 277 1082 328 ORATIO.

332 423 457 465 rales
496 424 781 481 tangentium
799 423 1122 477 proprietates
1157 437 1250 477 pro
1290 425 1444 466 curvis

326 499 548 553 simplicis
570 505 614 540 et
636 499 831 554 duplicis
861 506 1141 541 curvaturae
1157 529 1170 550 ,
1201 505 1339 555 atque
1361 516 1443 542 su-

323 575 598 632 perficiebus
624 576 886 620 eliciuntur.
933 577 1009 618 Ex
1033 576 1103 620 his
1117 577 1281 631 positis
1303 579 1445 631 prin-

324 654 485 708 cipiis,
523 654 784 708 posteriore
830 654 877 697 in
908 660 1081 709 parte,
1131 654 1210 695 ubi
1232 655 1314 695 ,de
1356 670 1443 696 usu

322 731 513 786 agitur,
543 731 816 773 derivantur
854 731 1165 782 theoremata,
1211 746 1327 787 quae
1368 732 1442 774 cli*

327 823 485 851 versas
523 822 774 850 curvarum
825 815 870 850 et
915 808 1265 863 superficierum
1309 823 1443 863 spec-

326 891 429 926 tant
464 886 636 939 species
676 892 721 926 et
736 887 938 940 formas,
1001 884 1185 937 Finem,
1217 900 1350 940 quem
1375 884 1441 926 si-
1478 905 1481 909 ⁴

323 960 372 1003 bi
385 963 635 1016 proposuit
660 968 850 1012 auctor,
879 968 1100 1001 accurato
1116 963 1272 1003 ordine
1297 968 1341 1001 et
1372 963 1442 1001 Ze·-

314 1039 484 1093 gitima
518 1039 864 1081 ratiocinatione
909 1044 1175 1078 consecutus
1225 1044 1294 1078 est
1310 1067 1324 1089 ,
1373 1038 1440 1080 ita

320 1123 374 1156 ut
398 1130 485 1156 non
517 1115 797 1157 dubitaverit
829 1114 1048 1156 Facultas
1068 1115 1175 1157 huic
1203 1129 1437 1170 responso,

321 1194 444 1249 quod
465 1192 660 1243 meruit,
681 1193 953 1246 praemium.
986 1191 1204 1234 tribuere.

377 1267 568 1325 Aperta
596 1267 815 1311 schedula
838 1283 997 1310 nomen
1018 1269 1237 1311 indicavit

316 1420 611 1466 Lamberti
658 1419 910 1473 Doedes‚
970 1419 1227 1465 Diderici
1269 1419 1433 1473 Filii,

493 1491 608 1523 Theol.
633 1491 728 1522 stud.
749 1491 783 1521 in
807 1491 907 1520 Acad.
929 1489 1251 1530 Rheno—Trajectina
1267 1511 1276 1527 ,

320 1596 399 1653 qui
434 1596 481 1638 in
526 1596 776 1650 colloquio,
823 1608 924 1634 cum
977 1595 1076 1648 ipso
1107 1591 1342 1643 instituto,
1383 1607 1430 1633 se

315 1679 551 1714 auctorem
580 1672 721 1728 hujus
751 1672 1085 1714 dissertationis
1116 1672 1294 1712 omnino
1309 1685 1433 1726 pro-

319 1750 420 1793 bavi
423 1756 455 1793 t.

370 1901 440 1946 Ad
461 1902 524 1946 Te
544 1915 657 1946 nunc
682 1901 855 1945 honoris
889 1900 1001 1945 vices
1024 1901 1265 1954 volvuntur,
1300 1915 1431 1960 prae..

317 1979 569 2024 stantissime
599 1979 633 2022 L
650 1994 674 2022 a
690 1993 729 2022 m
746 1979 774 2022 b
791 1984 916 2022 erte
939 1977 979 2030 D
995 1991 1021 2021 o
1038 1991 1060 2021 e
1075 1977 1103 2021 d
1122 1992 1144 2021 e
1159 1993 1201 2030 s,
1221 1976 1430 2021 Dideri-

304 2057 364 2101 .ci
394 2057 496 2100 sili!
541 2079 595 2089 —
656 2056 722 2103 Tu
753 2070 844 2099 eam
873 2060 1094 2098 accuratae
1122 2061 1248 2110 atque
1280 2053 1432 2098 ordine

298 2132 622 2193 progredientis
660 2131 1031 2190 argumentationis
1070 2130 1235 2175 laudem
1273 2130 1430 2183 tulisti,

315 2212 399 2268 qux}
433 2209 720 2255 Mathematici
756 2208 949 2267 inprimis
983 2215 1219 2253 censentur.
1280 2207 1430 2252 Theo—

312 2280 450 2347 logico
486 2287 624 2332 studio
663 2300 760 2330 mox
798 2300 972 2344 operam
1010 2285 1184 2329 daturus
1220 2300 1279 2330 es.
1340 2283 1429 2329 Sed

309 2364 421 2411 idem
453 2365 546 2419 Tu,
578 2378 731 2423 spero,
763 2363 909 2408 eodem
945 2369 1158 2423 tempore,
1189 2363 1244 2406 ad
1285 2375 1428 2406 arcem
