1483 2860
361 196 957 244 THEOLOGICA.
1179 212 1226 251 39

421 343 454 382 C
508 344 542 382 A
594 344 621 382 P
672 343 709 382 U
762 343 799 382 T
876 344 925 383 11.

163 482 414 522 Hierarchiae
439 484 634 523 Romanae
650 513 662 532 ‚
691 484 806 524 medio
824 484 973 530 saeculo
1000 485 1074 524 ΧΙ.
1099 499 1183 524 con·

273 554 365 592 ditio
389 563 424 592 ct
451 564 661 593 auctor-nas
686 555 856 602 universe
875 554 1062 608 spectata.

602 696 640 742 §.
699 707 734 733 x.

317 812 572 852 Hierarchiae
607 812 805 853 Romanas
842 813 1022 854 conditio.

160 948 274 987 Haud
311 948 377 986 diu
406 947 577 987 remansit
614 947 822 997 apostolica
862 947 924 985 illa
963 955 1000 985 et
1035 957 1144 984 aurea
1180 957 1237 983 re-

112 1018 261 1067 giminis
297 1016 418 1056 forma
437 1046 452 1065 ‚
480 1030 592 1066 quam
624 1018 737 1067 primi
773 1018 965 1067 religionis
1001 1016 1239 1056 Christianae

109 1088 311 1136 doctores,
338 1089 492 1127 monitis
535 1089 666 1137 potius
708 1088 901 1137 paternis,
941 1099 1051 1135 quam
1090 1085 1238 1135 legibus

104 1159 189 1209 iure
209 1157 276 1197 suo
308 1158 418 1206 latis,
446 1157 742 1206 constituerant3
772 1159 1060 1205 auctoritatem,
1080 1158 1154 1205 qua
1180 1154 1236 1194 ufi

107 1227 255 1267 fuerant
293 1229 475 1278 Apostoli
517 1239 564 1267 ne
597 1229 688 1277 quid
722 1228 934 1267 detrimenti
961 1236 1096 1267 coetus
1131 1238 1242 1276 cape-

108 1308 218 1348 rent,
254 1299 321 1338 fibi
357 1299 547 1349 propriam
576 1311 598 1338 a
631 1299 853 1348 Spirituque
885 1299 948 1337 Sto
980 1299 1130 1345 datam,
1157 1296 1238 1346 pri-

106 1369 180 1408 mis
216 1370 292 1420 J‘am
330 1369 516 1409 Ecclesiae
554 1368 709 1409 saeculis
751 1369 927 1408 nonnulli
962 1368 1060 1417 viri,
1098 1376 1241 1406 cetero-

109 1439 204 1490 quin
236 1439 441 1489 plurimum
477 1440 697 1486 venerandi,
723 1439 795 1478 fibi
829 1438 1084 1477 vindicarunt.
1138 1437 1241 1478 Cum

109 1511 148 1549 hi
180 1522 271 1549 vero
308 1509 596 1549 sacro-sanctos
626 1509 698 1548 sese
729 1510 1006 1559 praedicarent,
1035 1517 1072 1547 et
1104 1507 1246 1557 prima·

108 1581 205 1619 'rium
224 1582 350 1619 locum
363 1580 402 1618 in
416 1581 593 1628 regundis
608 1581 721 1618 rebus
735 1579 845 1618 sacris
859 1587 1088 1628 occuparent
1102 1606 1115 1626 ,
1139 1578 1235 1616 hanc

109 1650 315 1690 sanctitatis
348 1662 390 1689 ac
422 1649 658 1699 principatus
687 1649 880 1688 notionem
913 1660 989 1687 uno
1024 1647 1239 1696 vocabulo,

109 1731 182 1758 ceu
208 1719 351 1766 titulo,
377 1719 520 1757 servare
540 1718 738 1766 cupientes
755 1746 770 1765 ‚
797 1717 906 1769 facile
935 1717 972 1755 se
1001 1719 1175 1768 ἱεράρχοις
1205 1726 1243 1756 et

107 1789 274 1839 regimen
307 1787 414 1828 suum
439 1789 626 1839 ἱεραρχίοιν
658 1786 869 1837 nuncupari
891 1786 988 1836 pasfi
1013 1788 1098 1827 sunt
1126 1788 1213 1838 (Ι).

1179 1859 1242 1899 Eo

148 1990 202 2027 (ι)
222 1988 347 2019 Etiamsi
370 1990 420 2018 hic
445 1987 561 2024 graecis
586 1988 717 2018 vocibus
742 1988 790 2018 usi
816 1987 929 2024 simus,
958 1995 1021 2017 non
1042 1994 1089 2017 est
1109 1987 1193 2024 quod
1211 1987 1242 2016 in

111 2047 159 2078 his
183 2049 380 2083 haereamus,
401 2053 433 2075 et
454 2046 579 2075 illorum
605 2045 785 2075 sententiam
810 2045 992 2082 sequamur,
1013 2045 1088 2082 qui,
1107 2044 1242 2081 antiqui-

108 2102 178 2133 tatis
207 2109 331 2139 graecae
358 2101 566 2137 amantisiimi,
598 2101 776 2131 societatem
813 2101 1014 2131 Christianam
1046 2101 1137 2131 initio
1164 2109 1239 2131 con·

107 2160 238 2190 stitutam
270 2159 576 2195 Rerumpublicarum
603 2159 720 2189 veteris
757 2159 905 2189 Graeciae
931 2159 1083 2189 rationem
1106 2158 1238 2196 prorfm·

110 2216 248 2246 retulisse
276 2218 397 2246 volunt.
443 2217 603 2247 vocabula
628 2216 792 2253 nimirum,
820 2215 930 2252 quibus
955 2216 1113 2252 tegiminis
1137 2216 1239 2245 forma

112 2280 146 2303 et
170 2273 321 2309 dignitatis
348 2274 454 2309 gradus
484 2273 516 2303 in
544 2274 677 2303 Ecclefia
713 2273 954 2311 defignabantur,
991 2280 1077 2303 erant
1110 2280 1240 2309 graeca,

1187 2336 1241 2366 ΚΠ·
