1524 2850
288 262 357 290 100
615 249 935 288 ΑΝΝοτΛτΛ
989 261 1054 286 AD

283 356 508 401 orationem=
537 357 596 395 De
618 356 817 395 Azcditorio
846 356 968 395 Acad.
992 356 1118 394 Rheno
1133 377 1147 385 -
1161 355 1290 405 Trcy‘„
1319 367 1383 394 ve-

282 431 382 469 riam
419 428 502 466 olim
525 427 726 474 fortunam
759 434 907 476 experto
927 453 940 472 ‚
964 437 1074 463 ,nunc
1094 427 1284 476 praesenti
1307 425 1381 472 ejus

282 495 483 538 conditioni
507 495 712 547 adaptato;
738 496 799 543 (in
827 495 953 533 iisdem
989 494 1146 532 Annall.
1174 506 1207 532 a.
1237 497 1384 542 1824-

291 566 430 613 1825.)
465 566 528 603 ubi
567 576 649 603 cum
689 565 856 612 passim,
893 565 937 602 de
983 565 1136 614 hujusce
1172 563 1386 602 Academiae

285 634 373 673 fatis
400 635 607 682 rebusque,
637 636 747 672 multa
773 634 871 672 scitu
891 633 1102 682 dignissima
1129 633 1256 671 tradita
1270 643 1386 681 sunt,

288 712 366 744 tum
393 705 437 741 de
459 704 754 752 Heyligersi
769 716 791 742 0
815 704 969 742 strictim
992 704 1164 752 quaedam
1192 704 1388 751 dicuntur,

290 786 330 822 p.
356 775 426 812 160
449 784 509 820 sq.
536 794 590 805 -—
615 772 694 810 Viri
720 773 792 810 vita
814 782 979 810 accurate
1003 782 1187 809 enarratur
1210 772 1247 810 in
1261 772 1391 810 Calen-

286 842 397 882 dario
428 841 680 881 Studiosorum
705 842 860 880 Rheno-
877 842 910 880 T
907 842 1057 890 rajectt.
1086 842 1170 879 anni
1200 844 1319 891 1831,
1346 852 1388 889 ps·

291 914 505 959 103—108.
571 912 666 959 Ejus
704 911 925 960 scriptorum
967 912 1074 950 index
1110 912 1194 948 huic
1231 912 1391 949 orationi

292 981 515 1031 subjunctus
543 989 614 1019 est.

344 1115 440 1166 Pag.
470 1125 533 1163 51.
561 1115 655 1165 (36)
680 1116 879 1155 Innuebam
899 1116 980 1153 Viri
1007 1117 1055 1154 cl.
1082 1116 1308 1154 orationem:
1336 1115 1400 1153 De

292 1186 410 1224 animi
420 1184 675 1232 fhrtitudine,
701 1187 843 1223 virtute
857 1184 1013 1223 Medicis
1031 1187 1210 1236 propria,
1237 1187 1397 1223 maxime

292 1254 364 1291 illa
399 1256 440 1290 in
471 1252 655 1304 epidcmiz's
689 1256 896 1304 conspicua.
960 1253 1025 1301 (In
1065 1255 1224 1303 ejusdem
1272 1253 1395 1293 Acad-

294 1322 456 1361 Annall.
496 1335 530 1361 a.
570 1323 862 1371 1826—1827.)
914 1325 1033 1373 CuJ'us
1079 1326 1400 1371 eloquentissimae

297 1393 475 1432 orationis
501 1405 539 1441 p.
569 1405 640 1440 22,
670 1394 750 1442 jure
781 1393 1007 1432 celebrantur
1025 1393 1209 1442 Juvmes,
1240 1395 1330 1441 qui,
1358 1403 1400 1431 ut

297 1461 511 1510 Groningae
531 1471 804 1506 succurrerent,
834 1490 865 1508 „
892 1463 1032 1499 relictis
1050 1462 1269 1513 parentibus
1291 1475 1403 1500 moes·

301 1558 333 1578 ‚‚
358 1535 407 1570 tis·
438 1541 551 1582 atque
582 1533 736 1578 amicis,
757 1531 926 1568 arduum
963 1533 1039 1568 iter
1073 1540 1307 1583 susceperunt
1317 1547 1334 1580 ,·
1359 1535 1404 1569 in·

299 1627 332 1649 ‚,
358 1601 543 1642 auxilium
581 1602 720 1638 evocati
732 1611 748 1646 ‚·
773 1603 915 1638 miseris
950 1613 1081 1650 magno
1112 1601 1277 1649 fuerunt
1310 1602 1404 1640 sola-

299 1697 333 1717 „
358 1671 438 1718 tio‚·
487 1678 637 1707 mortem
675 1679 902 1719 spernentes,
955 1672 1086 1708 multos
1116 1674 1208 1708 cives
1241 1684 1270 1708 ar
1288 1680 1406 1709 morte

301 1765 334 1785 ‚,
360 1738 588 1778 liberdum.
608 1738 633 1754 ’⁷
683 1740 831 1788 Quibus
863 1741 897 1776 in
929 1741 1132 1789 Juvenibus
1159 1740 1273 1778 fuisse
1296 1753 1404 1789 eum,

301 1809 412 1857 cujus
435 1818 585 1847 mortem
611 1810 834 1854 memoravi,
860 1809 966 1847 Isac
984 1821 1052 1846 um
1078 1808 1305 1857 Nyhoff.‚
1329 1810 1404 1848 Sa·
1447 1851 1451 1854 ,

300 1877 483 1914 muelis
519 1876 677 1915 filium
696 1906 709 1925 ,
749 1878 923 1915 elucescit
952 1889 994 1915 ex
1029 1880 1243 1925 annotatis,
1270 1879 1403 1926 ibidem

300 1957 341 1997 p·
370 1955 418 1994 52
441 1958 529 1994 sqq.
582 1947 688 1985 Obiit
716 1948 784 1984 Vir
805 1948 975 1995 juvenis,
1002 1949 1039 1985 d.
1073 1960 1118 1996 30
1141 1959 1190 1985 m.
1217 1939 1336 1996 April}
1366 1960 1401 1989 a.

302 2017 426 2066 1829,
453 2017 581 2055 aetatis
605 2026 700 2056 anno
720 2017 850 2064 quinto
874 2026 909 2054 et
939 2017 1129 2056 vicesimo.

350 2153 448 2202 Pag.
479 2162 540 2201 57.
570 2152 664 2201 (37)
694 2154 789 2191 Haec
817 2153 879 2190 ubi
904 2154 999 2191 dicta
1031 2163 1130 2192 erant
1148 2181 1162 2200 ,
1188 2153 1404 2192 Academiae

303 2221 417 2260 Cives
434 2248 447 2268 ‚
475 2224 601 2269 quanti
626 2222 755 2259 Virum
783 2222 1024 2260 clarissimum
1049 2221 1232 2268 facerent,
1260 2222 1309 2259 ita
1330 2224 1406 2270 sige

302 2289 523 2339 nificdrunt,
552 2298 595 2331 ut
619 2292 742 2332 nullus
777 2290 945 2340 cuiquam
980 2290 1293 2344 honorificentior⁴
1317 2300 1405 2338 pos-

1360 2361 1411 2399 sit
