1483 2860
401 276 906 323 LITERARIA.
1133 291 1201 336 189

98 375 188 425 triae
228 383 385 426 exitium
424 389 662 438 minitantes,
691 402 905 441 opportune
936 393 1077 443 saepius
1100 408 1204 436 aver-

95 455 156 494 tit.
210 456 395 495 Praeclare
430 456 546 507 igitur
577 460 783 511 perspexit,
825 464 886 511 se,
927 476 1010 503 cum
1049 477 1204 516 propter

92 527 356 564 nonnullorum
387 528 581 567 Procerum
605 530 777 570 invidiam
794 561 807 580 ,
831 541 910 572 tum
935 543 1090 583 propter
1114 548 1205 576 con-

95 594 219 634 tinuas
252 597 296 634 de
335 597 513 646 religione
545 599 736 639 suscitatas
766 602 918 651 turbas,
958 613 1077 644 totum
1120 606 1204 646 Bel·

91 663 222 713 gium,
263 668 364 714 quod
394 667 439 705 ab
477 668 584 707 initio
621 670 853 720 speraverat,
906 685 982 712 uno
1019 674 1203 715 societatis

88 733 241 772 vinculo
277 736 468 775 continere
505 749 581 776 non
621 740 743 788 posse.
797 741 878 780 Nec
913 744 1060 783 mirum.
1109 742 1204 784 Ete-

91 803 166 842 nim
199 805 351 854 decem,
381 820 474 855 quae
497 810 541 846 ad
564 810 751 848 meridiem
783 812 931 861 jacent,
959 814 1098 862 patriae
1134 826 1202 854 no-

91 871 182 911 strae
204 875 440 924 provinciae,
469 878 540 916 hoc
561 879 701 928 semper
722 881 882 920 habuere
910 891 946 920 et
971 876 1082 923 Hodie
1109 897 1206 934 quo·

93 954 167 990 que
215 945 272 982 vel
316 946 469 984 maxime
517 948 676 997 habent,
718 952 820 989 velut
867 953 1102 1003 ingenitum,
1161 965 1205 995 ut

92 1011 137 1050 iis
154 1041 167 1060 ‚
196 1014 334 1061 quibus
362 1017 567 1064 gaudeant,
596 1019 704 1057 bonis
725 1032 957 1069 nequaquam
984 1034 1203 1075 contentae,

90 1092 188 1120 nova
223 1083 363 1132 semper
399 1087 597 1125 moliantur
635 1091 846 1139 majoraque
881 1103 1069 1142 appetant.
1142 1096 1203 1135 In·

90 1151 188 1189 vidia
221 1160 257 1191 et
295 1155 423 1192 nescio
457 1168 531 1204 qua
565 1159 698 1196 mentis
732 1162 913 1208 pravitate
946 1163 1206 1205 ductae'Prin-

86 1221 235 1269 cipibus
275 1222 347 1261 suis
384 1225 588 1273 diffidunt‚
633 1228 739 1267 avida
775 1230 914 1279 semper
949 1233 1070 1273 animo
1121 1248 1204 1285 ges-

87 1290 186 1329 tiunt
203 1289 376 1331 desideria
393 1322 406 1342 ,
423 1307 516 1343 quae
543 1296 649 1335 fimul
675 1307 787 1347 atque
807 1303 1024 1350 expleantur
1050 1302 1120 1344 alia
1140 1318 1204 1355 pa-

87 1361 204 1402 riunt.
241 1363 488 1413 Quaeomnia
512 1367 838 1409 ecclesiasticorum
866 1371 1202 1414 machinationibus

89 1438 126 1468 et
150 1431 333 1471 nobilium
347 1435 542 1475 ambitioni
559 1440 618 1476 vel
644 1440 799 1479 maxime
813 1441 1006 1482 tribuenda
1022 1445 1123 1494 esse,
1138 1458 1204 1485 ne-

89 1512 150 1538 mo
187 1512 263 1539 non
294 1504 404 1543 vidit.

139 1571 265 1620 Quum
291 1573 405 1620 igitur
437 1575 471 1611 G
489 1577 726 1617 ullelmus
751 1582 979 1629 praevideret
996 1613 1009 1632 ‚
1037 1595 1203 1634 magnam

88 1629 204 1690 Belgii
239 1651 378 1690 partem
414 1646 627 1694 propediem
656 1660 675 1685 a
700 1647 734 1686 se
767 1650 994 1690 defecturam
1021 1663 1057 1692 et
1084 1654 1122 1692 in
1146 1667 1204 1694 re-

86 1710 179 1759 giam
214 1721 432 1760 potestatem
474 1716 669 1755 redituram
700 1718 775 1757 esse
807 1721 1087 1770 circumspicere
1118 1737 1203 1764 coe-

84 1780 166 1830 pit,
208 1794 363 1830 quanam
397 1785 629 1832 potissimum
662 1789 804 1827 ratione
841 1789 912 1829 sese
946 1802 1073 1832 contra
1115 1796 1203 1834 His-

85 1861 200 1898 panos
235 1859 411 1895 tueretur.
466 1855 661 1895 Hollandia
691 1867 726 1896 et
758 1860 955 1900 Zeelandia
992 1872 1097 1902 antea
1125 1865 1202 1904 bel-

81 1920 107 1958 li
143 1932 239 1959 onus
277 1935 405 1971 magua
429 1925 576 1972 quidem
603 1927 773 1967 firmitate
799 1933 1091 1983 exantlave1·ant;
1135 1949 1200 1974 ve-

83 2001 162 2028 rum
193 1992 370 2030 diuturno
412 1995 509 2032 bello
533 1997 624 2034 adeo
659 2008 761 2036 erant
787 2001 1021 2049 debilitatae,
1049 2014 1091 2042 ut
1112 2006 1202 2044 His·

82 2071 262 2107 panorum
297 2064 525 2112 exercitum,
574 2068 610 2104 in
649 2069 724 2106 dies
761 2069 904 2109 viribus
939 2084 1196 2124 crescentem,

84 2130 258 2178 repellere
299 2132 452 2170 omnino
494 2145 570 2174 non
608 2138 771 2186 possent.
840 2141 1079 2192 Quapropter
1121 2157 1198 2184 res-

58 2197 232 2245 publica
272 2203 430 2249 amplius
469 2203 558 2243 stare
603 2217 680 2245 non
720 2210 828 2257 posse
867 2212 1078 2262 videbatur,
1130 2216 1197 2255 nisi

58 2264 246 2315 .septcm,
284 2283 378 2318 quae
417 2273 464 2310 ad
499 2273 784 2323 septentrionem
821 2291 1004 2331 vergunt,
1044 2286 1197 2332 provin-

82 2333 159 2373 ciae
177 2338 330 2377 arctiore
340 2340 489 2381 foedere
505 2347 833 2396 conjungerentur.
864 2352 963 2391 Haec
976 2364 1034 2392 res
1054 2356 1195 2403 magnis

1144 2423 1197 2463 sa.
