1483 2860
352 266 868 307 LITERARIA.
1100 279 1172 319 141

43 387 126 414 mus
163 375 487 424 Gulielmus‚
515 375 778 424 integerrimus
808 376 904 426 iuris
937 387 979 415 ac
1008 375 1177 427 justitiae

46 446 183 484 vindex
200 473 214 493 ‚
241 446 363 496 probe
387 455 571 495 noverat,
607 447 717 495 quale
750 445 845 485 esset
871 446 1104 497 Philippi
1135 446 1176 486 in

50 517 183 565 Belgas
203 517 267 566 jus
283 545 298 564 ‚
321 516 477 555 ‘firmum
507 516 602 555 illud
627 526 741 565 atque
767 516 999 555 immutabile
1014 544 1028 564 ‚
1054 527 1076 554 a
1100 528 1178 555 ma·

47 584 197 635 joribus
239 593 459 633 acceptum,
508 584 738 624 saeculorum
774 584 877 635 lapsu
912 585 1176 624 confirmatum

42 668 84 694 ac
114 655 398 694 corroboratum
415 683 428 702 ,
469 656 572 702 quod
592 655 736 703 absque
772 654 906 705 injuria
944 655 1044 694 haud
1068 654 1178 694 facile

43 724 197 764 dissolvi
230 724 371 774 posset.
427 725 592 763 Videbat
630 726 691 764 ille
710 754 724 773 ,
760 734 898 774 quanta
937 725 1177 764 incommoda

45 793 355 842 formidolosum,
385 796 490 844 quod
521 795 717 844 gerebatur
748 795 914 843 bellum,
942 795 1083 845 patriae
1117 795 1176 835 in-

47 865 188 913 ferret,
215 866 325 916 eujus
363 864 449 903 finis
483 873 674 914 remotus,
712 865 823 915 cujus
854 874 1010 904 eventus
1047 866 1180 904 admo·

49 938 138 974 dum
175 935 340 975 incertus
379 942 472 974 erat.
525 935 673 985 Quare,
703 935 1006 974 turbulentorum
1031 934 1174 974 civium

51 1006 197 1044 animos
217 1005 358 1053 semper
373 1004 510 1043 sedavit
525 1033 538 1051 ,
552 1017 638 1043 cum
664 1016 749 1054 rege
768 1004 1024 1044 reconciliavit
1046 1014 1084 1044 et
1095 1013 1177 1044 tan-

49 1076 246 1114 tummodo
267 1084 399 1114 contra
421 1075 593 1114 Alban
609 1087 679 1113 um
709 1075 903 1115 excitavit.
957 1075 1108 1114 Tantus
1134 1075 1173 1114 in

51 1145 315 1185 Gulielmo
366 1145 516 1194 vigebat
558 1144 652 1194 justi
695 1153 810 1192 atque
859 1144 992 1194 injusti
1033 1142 1174 1184 sensus-

49 1216 172 1255 Tanta
198 1216 237 1253 in
265 1227 310 1253 eo
342 1215 537 1263 existebat}
548 1215 703 1252 rationis
733 1214 819 1262 vis,
843 1224 886 1252 ut
917 1213 953 1252 se
979 1212 1058 1263 ipse
1083 1224 1177 1252 con-

46 1286 164 1325 tinere
198 1297 276 1324 non
304 1294 476 1331 tantum,
517 1296 644 1323 verum
677 1285 787 1324 etiam
817 1296 948 1323 omnes
987 1284 1088 1323 cives
1128 1284 1176 1322 ad

45 1358 189 1408 justum
229 1365 342 1404 atque
382 1356 472 1394 utile
501 1355 739 1405 propositum
768 1356 978 1394 conducere
1015 1356 1172 1394 valeret.

49 1427 134 1466 Rex
165 1428 238 1466 huc
259 1438 379 1475 usque
399 1437 457 1464 res
481 1424 562 1464 suas
592 1427 740 1464 occulte
765 1434 913 1476 egerat,
940 1425 1053 1474 seque
1078 1435 1176 1464 non-

49 1497 136 1535 dum
170 1495 407 1535 manifestum
444 1496 577 1545 populi
605 1496 759 1536 hostem
785 1496 1047 1534 declaraverat.
1101 1495 1176 1535 Er·

53 1578 102 1615 go
141 1575 293 1615 tempus
334 1565 505 1604 nondum
541 1576 720 1613 venerat,
762 1578 840 1615 quo
879 1566 1050 1616 Belgium
1087 1574 1176 1604 tuto

47 1636 93 1676 ab
145 1647 190 1674 eo
230 1635 437 1674 desciscere
477 1635 617 1686 posset.
683 1636 837 1676 Civium
877 1645 953 1675 erat
993 1636 1174 1675 obedien-

47 1707 134 1745 tiam
171 1705 270 1745 suam
298 1706 498 1755 profiteri,
535 1706 632 1756 regis
655 1706 824 1750 animum
849 1708 1043 1757 explorare
1075 1708 1175 1758 eJus-

47 1789 121 1826 que
157 1776 338 1816 auxilium
363 1786 495 1816 contra
519 1777 767 1816 Albanum
794 1777 985 1818 invocare.
1039 1778 1177 1829 Quod-

45 1846 73 1886 fi
109 1849 290 1887 malorum
320 1846 612 1886 sublevationem
646 1847 843 1897 praestaret
887 1859 979 1898 rex,
1027 1840 1171 1887 bonum

46 1916 315 1966 imperantem,
343 1917 398 1956 fin
434 1929 524 1956 vero
563 1918 751 1957 Albani
784 1919 955 1969 injuriam
995 1930 1076 1958 non
1109 1930 1176 1957 co·

47 1986 193 2026 biberet
225 1987 364 2037 patriae
405 1988 551 2026 hostem
579 1986 616 2027 se
641 1988 842 2029 indicabat.
898 1989 1040 2037 Cives,
1077 1989 1175 2030 Gu-

49 2057 223 2097 lielmo
251 2070 335 2097 cum
364 2058 493 2107 primis
529 2068 710 2108 auctore,
739 2060 862 2099 officio
896 2059 963 2098 suo
997 2059 1176 2110 perfunc-

45 2127 74 2166 ti
108 2127 208 2170 sunt.
238 2129 321 2170 Rex
341 2141 456 2177 vero,
477 2129 609 2168 nescio
625 2142 699 2179 qua
723 2130 859 2169 mentis
875 2131 1059 2180 pravitate
1084 2131 1176 2170 duc-

47 2206 109 2236 tus
127 2210 283 2247 ,eorum
309 2200 431 2238 oratui
465 2210 543 2238 non
580 2200 885 2250 obtemperavit,
915 2202 955 2241 in
992 2201 1175 2251 perversis

47 2268 122 2306 suis
161 2269 320 2308 confiliis
365 2281 451 2308 cum
503 2269 753 2310 obstinatione
799 2271 960 2321 perstitit
996 2273 1176 2320 civesque

47 2337 134 2378 suos
180 2339 226 2377 ad
266 2339 563 2388 desperationem
605 2341 773 2381 adduxit.
855 2343 976 2382 Antea
1027 2343 1177 2382 Alba-

1022 2440 1052 2462 „
1080 2423 1176 2452 nus
