1483 2860
469 182 907 234 JURIDICA.
1206 194 1252 234 39

136 292 372 342 ptaescriptis
395 293 519 332 verbis
544 292 757 340 instituere,
784 304 830 332 an
861 304 953 331 vero
977 292 1124 331 actione
1148 293 1254 332 causa

132 363 216 406 data
248 363 353 418 causa
391 373 467 400 non
505 361 627 400 secuta
659 360 820 400 solutum
851 369 1018 410 repetere
1043 362 1134 398 velit
1163 362 1250 410 (1).

129 433 242 472 Pacta
271 445 358 471 vero
390 433 568 481 quaedam
596 433 656 470 vel
677 444 697 470 a
718 435 799 481 lege
825 432 885 471 vel
910 444 931 471 a
964 433 1136 470 Praetore
1161 442 1250 469 con-

131 503 274 542 firmata
303 504 412 550 sunt‚
447 504 537 541 adeo
574 512 616 540 ut
646 503 829 540 actionem
863 501 1123 551 produxerint.
1189 501 1250 540 Ob

129 572 350 622 singularem
396 574 491 611 enim
537 573 635 624 juris
688 573 867 611 rationem
901 581 1018 625 pacta
1056 572 1252 621 legitima,

130 643 254 683 stricte
287 645 412 691 dicta,
441 644 717 682 condictionem
753 655 798 681 ex
830 643 891 680 ina
925 644 1031 691 lege,
1083 653 1177 689 quae
1204 653 1254 679 vea

128 715 325 753 confirmat
340 743 351 762 ‚
365 715 551 763 accipiunt
566 713 801 761 :exemplum
827 721 884 751 est
905 721 1056 762 pactum
1078 712 1255 757 donatio-

127 786 211 833 nis,
240 786 339 823 dotis
357 795 469 833 atque
488 784 677 824 usurarum
697 782 916 821 civitatibus
936 782 1156 820 creditarum
1170 782 1253 831 (2).

127 855 281 894 Praetor
306 867 394 894 vero
421 864 527 903 pacta
564 856 740 902 quaedam
777 852 1043 901 confirmavit,
1082 852 1136 891 uti
1168 864 1255 903 pac-

128 933 208 962 tum
235 924 428 962 constituti
460 933 495 962 et
529 926 791 974 hypothecae,
820 922 907 972 quia
940 935 1050 972 grave
1071 933 1128 961 est
1153 935 1259 972 prae-

128 993 313 1032 sertim-in
340 995 502 1044 negotiis
534 995 628 1032 tanti
663 994 868 1042 momenti,
896 1002 1076 1043 quantum
1103 1006 1144 1033 ea
1165 1006 1258 1042 quae

128 1065 437 1110 memoravimus,
481 1064 590 1102 fidem
618 1063 745 1102 fallere
772 1064 856 1113 (3).

173 1135 253 1186 Jain
307 1134 546 1172 deveniamus
599 1135 645 1172 ad
694 1146 734 1172 ea
786 1143 894 1182 pacta
955 1146 1050 1182 quae
1109 1134 1257 1182 adjecta

125 1204 331 1252 dicuntur3
382 1215 461 1242 non
509 1203 676 1241 omnium
726 1213 799 1241 una
852 1205 1051 1251 eademque
1093 1213 1150 1242 est
1187 1205 1256 1243 hac

124 1275 172 1312 de
210 1286 255 1312 vre
299 1273 507 1321 sententia,
569 1285 646 1310 eam
680 1284 769 1311 vero
805 1285 1018 1322 proponere
1058 1273 1253 1322 conabor,

125 1356 220 1393 quae
273 1344 363 1381 mihi
403 1328 527 1382 verior
575 1342 652 1381 esse
702 1343 861 1381 videtur.
913 1364 968 1374 -—
1020 1344 1128 1382 Pacta
1159 1355 1252 1383 con-

123 1414 303 1452 tractibus
339 1415 459 1451 bonae
498 1413 586 1451 fidei
623 1413 662 1451 in
700 1413 910 1452 continenti
947 1415 1116 1463 adjecta,
1156 1426 1251 1463 quae

118 1483 196 1522 *five
241 1484 384 1531 aliquid
427 1484 552 1521 oneris
589 1483 686 1522 circa
724 1484 908 1522 naturalia
950 1484 1119 1523 alterutri
1157 1497 1250 1525 con-

115 1553 347 1592 trahentium
381 1553 589 1602 adjiciunt,
643 1553 717 1592 five
761 1553 903 1601 aliquid
946 1555 993 1592 de
1042 1555 1250 1595 adminicu-

120 1624 167 1662 lis
221 1625 419 1661 detrahunt
444 1651 458 1670 .,
520 1623 703 1661 actionem
758 1634 779 1661 e
837 1632 1034 1662 contractu
1095 1625 1248 1663 descen-

118 1696 266 1734 dentem
327 1692 491 1731 formant
546 1693 631 1742 (4).
709 1694 816 1743 Quae
868 1705 958 1732 vero
1016 1702 1149 1743 postea
1200 1706 1246 1733 ex

119 1765 315 1802 intervallo
367 1763 577 1802 contractui
611 1763 753 1811 aliquid
801 1764 1005 1812 adjiciunt,
1056 1765 1244 1805 credimus

119 1834 208 1873 haec
255 1834 289 1872 ei
332 1845 410 1871 non
445 1832 562 1871 inesse
611 1843 648 1872 et
686 1845 772 1873 cum
826 1834 872 1872 iis
937 1833 1122 1881 facimus,
1176 1835 1244 1883 qui

118 1904 337 1954 auctoritate
362 1903 550 1953 Papiniani
578 1903 617 1941 in
639 1904 666 1943 1.
696 1915 761 1952 72.
787 1905 827 1953 §.
861 1916 898 1943 1.
929 1902 971 1943 ff.
1001 1905 1048 1944 de
1068 1907 1241 1946 contrah.

1150 1986 1241 2016 emt.

155 2097 302 2137 (1)Vid.
325 2099 610 2133 Modderman,
630 2099 652 2126 1.
672 2099 694 2126 1.
717 2106 748 2133 p.
769 2105 818 2135 79.

157 2155 212 2192 (ι)
232 2156 283 2184 ef.
305 2149 619 2190 WVachenflorff,
640 2157 702 2185 1.1.
729 2164 761 2192 p.
785 2163 853 2194 470.

154 2212 211 2247 (3)
233 2212 270 2247 L,
293 2221 318 2241 ι.
338 2220 386 2247 pr.
410 2212 441 2241 ff.
470 2212 508 2240 de
528 2212 650 2241 constit.
671 2220 742 2248 pec.

160 2266 214 2305 (4)
235 2268 272 2297 L.
293 2274 323 2302 7.
346 2268 374 2305 S.
399 2278 426 2304 5.
450 2269 481 2298 ff.
504 2270 542 2298 de
563 2270 672 2305 pactis·
