1483 2860
408 279 939 320 LITERAR1A.
1181 287 1251 328 151

120 390 321 440 impetrato
357 389 561 437 consensu,
602 390 779 438 migrare
801 388 922 428 vetuit
959 386 1244 435 absterruitque.

115 462 264 508 Porro,
300 472 396 509 eos,
437 460 502 508 qui
535 471 568 498 a.
607 461 707 507 1566
747 459 902 508 patriam
944 457 1170 504 reliquerant
1208 458 1245 494 in

112 513 178 570 jus
211 531 338 569 vocari
363 528 503 580 jussit,
544 539 585 566 ut
611 527 796 567 discessus
832 527 973 566 causam
999 535 1242 575 exponerent.

114 599 259 650 Quodsi
305 608 507 648 negarent,
559 610 689 637 eorum
729 599 827 636 bona
873 598 1076 647 publicarri
1116 596 1238 646 jusfit,

111 671 300 710 Praeterea
334 669 513 718 pecuniae
543 668 715 717 publicae
737 667 990 707 conditionem
1016 678 1150 715 magno
1184 667 1241 706 in-

109 738 210 788 genii
259 739 426 778 acumine
458 738 646 776 meliorem
697 738 856 777 reddidit
898 747 934 776 et
980 737 1237 785 amplificavit.

109 808 299 856 Nimirum
339 819 468 847 omnes
508 819 644 856 naves,
697 820 791 856 quae
830 820 969 847 merces
1021 808 1236 856 ducebant,

111 878 378 928 diplomatibus
420 878 650 917 instruendas
677 878 757 916 esse
793 878 1070 928 legitimamque
1096 890 1165 927 pro
1190 877 1237 917 iis

111 947 303 996 pecuniam
341 946 550 986 solvendam
592 946 669 985 esse
694 947 871 992 decrevit.
942 947 1032 997 Quo
1059 947 1238 994 decreto,

113 1016 256 1065 absque
290 1017 426 1055 civium
459 1017 592 1066 infigni
617 1018 752 1056 damno
787 1018 966 1056 aerarium
994 1028 1141 1067 magnas
1182 1030 1240 1056 ae-

110 1087 294 1125 cesfiones
333 1087 423 1125 fecit
451 1089 534 1138 (1).

161 1157 247 1196 Hoc
295 1159 381 1196 loco
429 1157 602 1206 quaestio
643 1157 755 1213 nobis
807 1157 1024 1206 suboritur,
1077 1169 1240 1206 quonam

111 1228 257 1265 tandem
289 1228 376 1276 jure
418 1228 721 1267 Gulielmius
760 1228 891 1274 cives»,
932 1239 976 1273 ex
1010 1229 1129 1276 patria
1163 1229 1243 1267 dis-

109 1295 239 1334 cedere
273 1296 500 1345 cupientes,
540 1296 741 1345 prohibere
779 1304 815 1333 et
856 1295 1015 1333 retinere
1054 1296 1242 1344 potuerit.

110 1367 151 1406 Si
188 1369 386 1416 generatim
421 1379 640 1416 quaeramus
659 1395 671 1414 ‚
701 1377 747 1404 an
778 1365 982 1420 imperanti
1004 1366 1113 1404 liceat
1137 1366 1240 1419 cives

110 1438 148 1476 vi
173 1449 344 1476 coercere
361 1466 374 1485 ,
404 1447 445 1475 ut
476 1438 512 1475 in
542 1437 660 1486 patria
684 1447 926 1484 remaneant,
955 1436 1128 1484 equidem
1165 1436 1238 1474 hoc

111 1507 287 1545 affirmare
313 1518 390 1545 non
418 1509 551 1546 audeo.
593 1508 743 1546 Etenim
771 1507 870 1544 cives
889 1535 903 1554 ,
929 1506 1088 1557 alicujus
1112 1506 1245 1552 civita,

110 1580 159 1616 tis
195 1578 310 1625 socii,
340 1579 400 1616 sua
426 1578 590 1628 ipsorum
618 1580 816 1617 voluntate
851 1579 890 1624 in
918 1579 1104 1617 civitatem
1130 1579 1244 1616 coiis-

111 1647 147 1686 se
178 1649 408 1698 intelligendi
447 1648 530 1687 sunt
565 1657 678 1697 atque
713 1648 857 1705 adeo„
879 1649 1057 1696 quamdiu
1089 1648 1128 1686 in
1166 1647 1242 1697 ipsa

111 1719 262 1758 civitate
283 1721 491 1767 (legantur,
517 1718 682 1757 civitatis
703 1720 787 1769 jure
827 1727 1002 1756 tenentur
1022 1746 1034 1765 ‚
1060 1726 1172 1765 atque
1197 1718 1243 1756 ad

110 1799 229 1828 certas
255 1802 295 1828 ac
334 1789 505 1828 definitas
541 1789 793 1838 obligationes
819 1789 1050 1838 praestandas
1073 1788 1242 1827 obstricti

109 1859 209 1900 sunt.
237 1860 341 1910 Quas
364 1860 613 1910 obligationes
629 1869 824 1909 propterea
848 1860 886 1902 in
906 1858 942 1898 se
955 1858 1159 1908 suscepisse
1185 1859 1241 1896 in·
1304 1847 1306 1851 Δ

109 1932 357 1980 telliguntur‚
382 1931 471 1979 quia
501 1930 538 1968 in
563 1929 713 1968 civitate
735 1930 890 1977 quadam
917 1928 1028 1967 vitam
1055 1938 1205 1978 agentes
1224 1955 1238 1976 ‚

111 2002 304 2040 commoda
339 2002 418 2050 ejus
446 2001 552 2039 simul
571 2012 656 2038 cum
684 1999 934 2039 incommodis
958 1998 1145 2048 cupivisse
1171 1999 1240 2037 du-

114 2082 264 2112 cuntur.
300 2071 430 2120 Itaque
444 2071 614 2118 quamvis
628 2070 794 2109 civitatis
819 2070 1053 2108 incommoda
1076 2069 1240 2117 impense

113 2151 339 2191 augeantur,
367 2152 407 2179 ea
442 2152 529 2178 cum
556 2141 639 2180 aliis
674 2140 823 2180 civibus
852 2139 1016 2189 perferre
1039 2148 1237 2187 tenentur,

114 2212 231 2250 donec
257 2211 294 2249 in
330 2211 405 2260 ipsa
436 2210 587 2250 civitate
623 2220 829 2250 morantur.
897 2210 982 2250 Hoc
1029 2220 1119 2248 vero
1161 2218 1239 2247 non

1170 2289 1239 2317 un·

155 2380 209 2416 (1)
231 2378 329 2407 Lmen
351 2386 411 2410 cet.
433 2380 470 2409 u.
492 2385 559 2416 pag.
577 2384 644 2417 485.
665 2380 733 2416 sqq.
