1560 2860
480 284 862 331 ORATIO.
1169 286 1227 334 43

165 537 168 540 “
197 531 376 578 RERUM
406 546 815 579 AcAnEMIcARUM
845 548 1063 578 unane
1094 548 1156 578 m*

331 623 662 657 PRAEMIORUM
693 627 1030 658 mswmnu'mo,

180 800 316 847 Velim
341 802 535 862 profecto
550 833 563 856 ,
594 804 819 852 Auditores
851 805 1160 851 humanissimi!
1191 808 1237 852 ut

126 891 178 925 ex
200 878 309 924 festo
337 879 422 924 hoc
452 881 519 925 die
556 881 718 940 integer
759 889 884 940 atque
917 883 1098 928 illibatus
1130 897 1239 942 gau-

126 954 185 999 dii
207 956 425 1013 laetaeque
452 959 754 1004 reeordationis
784 960 943 1004 fructus
963 960 1009 1004 in
1032 961 1119 1005 Vos
1147 960 1240 1004 sin-

128 1030 249 1088 gulos
283 1032 513 1077 redundet!
559 1034 743 1088 Verum,
775 1036 873 1080 dum
906 1038 962 1081 ad
1000 1037 1242 1083 recentissi-

127 1121 197 1152 ma
237 1108 411 1166 hujusce
452 1109 668 1154 Musarum
710 1111 833 1157 Sedis
886 1113 970 1158 fata
1008 1114 1239 1159 Vobiscum

127 1183 352 1229 recolenda
384 1200 452 1229 me
487 1194 717 1243 convert03
771 1188 886 1232 haud
922 1190 1011 1233 sine
1049 1191 1241 1237 tristitiae

128 1275 254 1306 sensu
282 1262 495 1321 comperio
511 1295 524 1317 ,
554 1264 710 1307 nullum
738 1265 857 1309 facile
882 1273 1121 1310 nostrorum
1140 1267 1242 1312 'ho-

129 1339 286 1383 minum
331 1340 666 1384 academicorum
711 1341 915 1386 Ordinem
959 1358 1076 1396 esse,
1108 1344 1238 1400 quin,

129 1415 238 1471 hoc,
255 1417 327 1474 qui
354 1431 465 1461 nunc
490 1418 614 1462 nobis
631 1418 757 1472 abiit,
786 1433 897 1462 anno
911 1419 1019 1473 ,suis
1040 1435 1089 1465 ex
1115 1420 1241 1465 sociis

120 1493 311 1551 ,aliquem
347 1502 460 1539 certe
489 1495 724 1539 deflendum
749 1496 966 1543 invenerit.
1007 1496 1132 1555 Agite
1159 1497 1244 1556 igi-

129 1573 221 1615 tur!
275 1579 444 1615 nostrae
486 1571 675 1630 ipsorum
718 1573 951 1631 fragilitatis
1005 1588 1241 1628 memores,

131 1647 306 1693 mortuis
338 1649 447 1706 justa
472 1649 698 1693 solvamus!

187 1724 278 1769 Sub
312 1725 405 1783 ipsa
447 1725 532 1782 jam
578 1725 682 1783 gesti
719 1725 890 1782 hujusce
940 1726 1022 1770 mei
1062 1727 1245 1773 muneris

130 1801 276 1856 initia,
303 1816 455 1860 magna
479 1801 751 1846 Academiam
776 1803 913 1847 clades
939 1803 1098 1849 afflixit.
1140 1805 1246 1850 Ete-

133 1877 220 1922 nim
254 1877 604 1922 Guilielmus
633 1878 918 1923 Henricus
958 1880 1246 1925 Beaufor-

133 1953 278 2009 tius,
325 1954 570 2014 amplissimi
604 1954 856 1999 Curatorum
897 1955 1071 2014 collegii
1109 1957 1246 2002 Prae-

132 2046 199 2076 ses
222 2031 381 2091 optime
415 2031 607 2086 meritus,
636 2031 745 2075 tristi
777 2031 901 2076 nobis
927 2039 1062 2077 morte
1089 2032 1247 2092 eripie-

132 2108 272 2155 batur.
331 2109 452 2167 Quae
481 2124 576 2163 res,
618 2108 732 2154 dictu
777 2108 944 2153 difficile
986 2117 1081 2164 est,
1119 2125 1247 2166 quam

137 2200 306 2244 gravem
342 2187 582 2246 permultis,
621 2186 749 2231 immo
788 2185 839 2230 iis
855 2219 868 2240 ‚
914 2186 987 2244 qui
1026 2186 1247 2232 desidera-

136 2261 338 2307 tissimum
366 2263 512 2308 Virum
539 2263 751 2323 cognitum
779 2263 1038 2319 habuerant,
1082 2265 1242 2310 cunctis

136 2339 293 2386 luctum
325 2341 561 2400 pepererit!
604 2341 713 2387 Nam
745 2348 904 2400 quanto
937 2340 1007 2386 hic
1034 2341 1244 2386 honorum

1147 2431 1244 2462 om-
