1483 2860
374 276 885 320 LITERA'RIA.
1113 286 1187 330 '203

73 391 159 431 men
185 391 322 429 deerat.
353 391 542 429 Summum
571 389 765 439 imperium
791 398 926 438 quarto
951 390 1033 428 Kal.
1065 390 1188 438 April.

76 472 114 502 a.
151 463 248 508 1580
274 459 312 497 in
351 458 653 497 Gulielmum
694 461 936 498 contulerunt
973 459 1193 497 Hollandiae

77 530 269 578 Ordine53
290 529 352 567 sed
373 530 419 567 de
437 529 718 567 conditionibus
735 558 747 576 ‚
774 529 917 578 quibus
938 529 1194 577 acciperetur,

57 602 196 639 'multa
229 600 294 638 diu
330 599 518 648 disputata
546 598 658 646 sunt,
699 611 821 646 neque
861 610 920 636 res
971 600 1017 637 ad
1054 599 1196 637 exitum

77 671 269 719 perducta.
324 670 431 720 Quae
462 669 586 708 omnia
612 681 778 707 enarrare
816 669 928 706 nimis
952 670 1107 717 longum
1135 680 1194 706 es-

77 740 130 780 set
154 741 239 790 (1).
471 726 475 729 ¹

130 810 262 849 Rebus
289 810 340 849 ita
369 809 581 848 constitutis
600 839 612 858 ‚
642 809 884 858 Antverpiam
916 807 1082 847 reversus
1114 817 1201 846 cum

81 879 290 919 Ordinibus
322 880 570 919 Generalibus
615 881 660 917 de
689 880 878 927 republica
911 887 1041 916 contra
1071 880 1202 917 hostes

81 949 311 995 defendenda
340 950 490 989 confilia
515 962 645 999 capere
674 950 816 987 strenue
842 949 1018 997 perrexit.

591 1097 626 1143 g.
673 1107 709 1142 7.

134 1239 162 1278 P
178 1238 417 1287 hilippus
438 1240 510 1288 J'am
532 1251 597 1286 per
622 1241 748 1285 plures
777 1249 896 1277 annos
926 1250 1060 1287 magno
1086 1239 1209 1278 sumtu

83 1308 335 1347 calamitosum
361 1319 397 1346 et
425 1310 611 1347 exitiabile
637 1321 720 1346 cum
756 1309 878 1357 Belgis
915 1309 1053 1347 bellum
1094 1312 1212 1360 gesse-

85 1387 155 1417 rat.
210 1379 264 1417 At
303 1390 392 1417 vero
426 1379 538 1417 unius
574 1380 768 1427 prudentia
796 1391 924 1417 omnes
949 1381 1029 1430 ejus
1053 1374 1210 1419 cona'tus

90 1449 184 1487 irriti
220 1448 354 1487 redditi
384 1458 516 1494 erant,
547 1449 656 1486 unius
685 1449 868 1487 indefesso
893 1450 1021 1489 labore
1057 1461 1092 1489 et
1122 1464 1213 1490 con-

90 1518 219 1557 stantia
251 1520 444 1567 Belgarum
472 1519 622 1557 libertas
659 1520 766 1557 etiam
798 1521 933 1558 servata
966 1530 1057 1560 erat.
1111 1505 1214 1572 Qua-

88 1585 244 1638 propter
258 1588 488 1638 implacabiIe
504 1618 516 1637 ‚
536 1601 612 1637 quo
638 1590 812 1636 ardebat,
841 1591 967 1628 odium
991 1592 1164 1639 explere,
1179 1600 1216 1630 et

89 1656 365 1707 fordsfimum,
394 1660 459 1707 qui
484 1660 564 1708 ejus
596 1659 760 1697 consiliis
797 1660 992 1707 obstabat,
1021 1661 1143 1700 virum
1171 1664 1216 1700 de

87 1728 211 1767 medio
233 1730 365 1767 tollere
379 1730 478 1778 apud
493 1730 654 1767 animum
670 1729 866 1768 constituit
908 1732 1022 1781 Quod
1035 1744 1118 1769 cum
1134 1733 1218 1770 nul-

90 1800 130 1837 lo
161 1798 328 1846 legitimo
351 1799 465 1837 modo
490 1799 569 1838 fieri
594 1799 718 1848 posset
735 1830 746 1848 ‚
786 1801 968 1839 inusitatis
986 1802 1108 1850 iisque
1129 1803 1219 1842 diris

91 1881 132 1908 ac
178 1868 348 1908 nefandis
389 1869 598 1908 rationibus
646 1870 684 1908 in
725 1883 808 1908 eum
853 1871 992 1910 irruere
1037 1873 1216 1911 decrevit.

83 1940 316 1989 Proscripsit
345 1939 460 1989 igitur
487 1940 610 1979 Guli
627 1942 832 1989 elmum3
862 1941 1107 1990 grassatorum
1127 1971 1140 1990 ‚
1178 1943 1224 1982 fi-

85 2011 282 2049 cariorum
318 2012 553 2059 aliorumque
583 2012 865 2060 profligatorum
891 2013 1085 2052 hominum
1103 2013 1227 2052 cater'

102 2080 184 2121 vafn
217 2082 298 2121 Deo
339 2082 515 2131 gentique
546 2082 724 2120 humanae
751 2082 900 2120 invisam
919 2112 931 2130 ‚
960 2084 1094 2132 amplis
1121 2096 1226 2132 prae·-

91 2149 95 2156 ·
1052 2145 1054 2147 ’
1108 2156 1224 2203 mus,

89 2265 94 2270 ·
136 2251 191 2288 (ι)
209 2251 279 2283 νὶᾰ.
306 2253 402 2288 Bor,
424 2254 484 2288 Op.
519 2252 600 2281 Libr.
630 2255 694 2282 XV.
725 2254 783 2285 fol.
807 2257 875 2288 198.
909 2262 957 2291 29.
998 2264 1045 2278 -—
1077 2257 1226 2294 llooft,

101 2309 163 2344 Op.
196 2310 205 2336 l
233 2317 298 2344 pag.
321 2312 389 2341 886.
415 2310 522 2346 sq.-
553 2310 650 2339 Lmn
683 2319 743 2341 cet.
778 2313 830 2342 111.
862 2315 930 2348 386.
963 2314 1007 2349 sq.
1038 2328 1074 2336 —
1096 2317 1227 2351 wage-

114 2373 225 2402 nnr,
247 2368 306 2403 Op,
324 2369 348 2396 Ι.
371 2369 438 2397 Vll.
462 2376 530 2404 pag.
555 2377 623 2405 430.
643 2369 688 2403 sq.
1002 2375 1005 2378 ·
