1483 2860
390 245 895 287 LITERAle
1149 256 1199 294 ῃ

98 373 103 378 ·
139 355 270 406 Quum
307 363 426 394 tantae
457 356 570 403 longe
618 355 766 403 lateque
803 351 1015 393 bacchantis
1051 363 1092 390 ac
1129 351 1204 390 sae-

95 424 230 464 vientis
273 424 428 464 insaniae
461 424 558 464 fama
597 426 643 464 ad
679 423 1026 474 Margaritam
1067 423 1207 471 perlata

95 494 213 543 esset,
253 494 392 543 ingenti
427 496 614 543 extemplo
650 506 789 544 pavore
813 492 979 543 perculsa
1003 501 1060 530 est
1095 499 1209 540 atque

95 575 142 602 ex
176 564 267 604 urbe
289 565 457 604 recedere
485 564 620 603 voluit.
674 564 790 614 Quod
821 562 1016 602 confilium
1054 571 1207 607 tamen,

91 633 267 672 suadente
284 633 323 672 in
350 634 481 683 primis
504 633 687 682 Viglio
704 662 717 681 ,
744 642 877 682 postea
895 631 1028 682 abJ‘ecit
1043 631 1129 680 (1).
1152 629 1211 668 Ut

93 714 184 744 vero
228 703 409 753 praesenti
446 705 541 744 malo
567 703 865 751 succurreretur,
901 701 1208 742 Gulielmus

90 772 233 821 aliique
250 772 451 812 effecerunt
477 783 518 812 ut
550 773 790 823 gubernatrix
811 784 896 811 cum
918 770 1130 821 Nobilibus
1145 780 1210 822 Pa·-

90 841 306 882 cisceretur.
332 843 510 893 (Decimo
527 844 613 883 Kal.
629 843 889 893 Septembres]
905 843 1006 881 Inter
1031 841 1101 880 alia
1123 831 1216 877 con*—

95 910 262 950 stitutum
274 921 330 950 est
342 941 355 960 ,
367 922 409 952 ut
422 913 619 961 Inquifitio
633 904 875 962 abrogaretur
888 925 901 961 3
917 923 976 950 res
990 911 1078 949 olim
1095 921 1115 947 a
1129 908 1216 947 No-

94 980 235 1020 bilibus
251 991 375 1031 gestae
394 983 589 1022 oblivione
615 984 864 1022 obruerentur
877 1010 890 1030 ,
905 981 933 1021 fi
956 982 995 1019 in
1019 987 1213 1029 posterum

89 1050 214 1105 officio
248 1050 314 1090 suo
351 1053 496 1090 naviter
533 1044 804 1101 fungerentur-3
846 1062 889 1090 ut
924 1049 1126 1089 conciones
1162 1045 1217 1084 sa·

88 1130 173 1158 crae
203 1119 241 1158 in
267 1121 361 1159 locis
397 1121 462 1159 ubi
494 1123 674 1161 hactenus
707 1134 785 1161 non
826 1121 1090 1167 habebantur,
1113 1112 1218 1168 ⁵pr0·

87 1187 305 1228 biberentur
320 1218 334 1238 ,
384 1199 425 1228 ut
467 1192 629 1230 Nobiles
666 1192 843 1231 omnibus
858 1220 872 1240 ,
919 1190 986 1239 qui
1025 1187 1217 1238 religionis

93 1259 200 1298 causa
226 1259 405 1308 indignati
430 1270 532 1299 erant
549 1290 562 1309 ,
590 1261 807 1310 persuadere
834 1269 1055 1300 conarentur
1071 1288 1084 1308 ,
1101 1266 1144 1297 ut
1168 1258 1215 1297 iis

91 1329 250 1372 decretis
284 1320 379 1379 quae
412 1330 523 1380 Rex,
553 1332 874 1371 consentientibus
905 1330 1115 1370 Ordinibus
1138 1328 1218 1368 Ge-

92 1399 281 1438 neralibus
298 1430 312 1449 ,
337 1402 590 1450 promulgaret
617 1411 788 1451 parerent
824 1403 908 1450 (2).
937 1401 1010 1440 His
1046 1400 1097 1438 ita
1124 1409 1216 1452 con·

94 1469 234 1510 stitutis
250 1499 263 1518 ,
283 1471 433 1522 tertium
460 1473 704 1521 Antverpiam
722 1473 917 1522 profectus
941 1479 998 1510 est
1020 1471 1059 1509 G
1075 1465 1144 1523 uli
1158 1469 1218 1506 el-

89 1550 127 1584 ιη
143 1550 197 1578 us
216 1568 230 1588 ,
283 1550 325 1578 ut
370 1541 409 1579 in
449 1544 652 1581 nonnullos
696 1543 944 1581 iconoclastas
987 1541 1216 1591 animadver-

94 1617 188 1647 teret
238 1609 492 1661 omnibusque
524 1613 570 1651 de
601 1610 781 1663 religione
830 1612 998 1651 motibus
1044 1607 1217 1650 subveni-

1142 1687 1215 1718 ret.

92 1808 116 1827 ,0
135 1792 174 1821 ke
200 1792 289 1828 wiize
306 1793 386 1822 ende
409 1793 543 1822 maniere
568 1802 628 1823 van
659 1795 743 1823 doen
770 1801 846 1827 noyt
871 1794 968 1828 gheen
991 1789 1148 1824 behaghen
1177 1793 1217 1815 eu

91 1867 117 1885 „
136 1849 256 1878 hebben
285 1851 416 1885 gehadt3
438 1851 519 1879 oock
545 1851 594 1879 dat
616 1851 706 1879 veele
738 1857 796 1878 van
822 1850 881 1878 den
909 1850 1047 1884 ghenen,
1083 1845 1133 1881 die
1159 1851 1215 1873 ons

84 1925 117 1955 .”
136 1906 315 1936 behoorden
347 1914 377 1935 te
410 1909 522 1943 helpen
555 1909 633 1936 ende
665 1906 872 1940 voortestaan,
903 1912 958 1933 ons
987 1911 1065 1932 over
1093 1901 1219 1930 d’ander

93 1983 118 2000 „
138 1963 215 1999 zijde
238 1963 260 1992 ’t
277 1966 444 1994 onrechten
475 1966 639 2000 ghelastert
669 1964 748 1992 ende
775 1962 979 1998 ghescholden
1006 1960 1145 1995 hebben,
1168 1964 1220 1986 om

90 2017 116 2057 ',‚
136 2020 185 2049 dat
212 2020 261 2055 wij
288 2029 363 2056 noyt
400 2029 438 2050 en
466 2021 590 2050 hebben
617 2020 726 2049 willen
751 2021 823 2049 daer
853 2026 906 2048 toe
933 2015 1146 2050 verwilligen,
1173 2014 1225 2043 dat

92 2095 116 2112 „
136 2077 240 2106 sulcke
265 2077 397 2113 dinghen
416 2078 526 2107 sonder
553 2079 752 2114 voorgaende
778 2074 984 2106 ordonnantie
1011 2081 1070 2103 van
1095 2073 1133 2102 de
1154 2073 1220 2101 Ma·

91 2152 115 2170 ,‚
135 2133 273 2170 gistraten
296 2142 334 2163 en
358 2137 554 2164 overheeren
579 2135 694 2164 souden
715 2131 934 2170 geschieden.'’

131 2190 189 2228 (1)
207 2191 278 2221 Vid.
299 2192 462 2228 Viglii‚
482 2193 563 2228 vita,
586 2200 656 2228 pag.
675 2199 723 2227 47.

131 2247 182 2283 (η
202 2247 274 2277 vid.
297 2249 395 2286 Bor,
418 2248 734 2287 op.1.L1b.1.fol.
765 2250 813 2284 67·
835 2261 872 2271 —
895 2244 1094 2280 Grotius,
1116 2244 1176 2279 ΟΡ·
1193 2241 1216 2271 ¹·

97 2302 169 2333 Lib.
192 2304 220 2337 1.
243 2305 398 2344 paz-:2³2
1139 2293 1142 2295 ’
