1560 2860
456 258 843 316 onATso
1143 261 1219 314 m·

97 408 419 455 mentationihus
446 409 602 468 judicia
635 409 824 454 audiatis.
915 408 1006 454 Ubi
1041 415 1209 463 tamen,

95 488 140 531 in
171 494 431 531 antecessum
470 487 572 531 mihi
609 487 865 532 monendum
901 494 986 540 est,
1032 486 1211 531 Medi-

96 577 293 608 corum
325 564 478 609 Ordini
504 565 658 618 nullas,
690 579 772 624 pro
801 564 990 624 praemio
1013 563 1213 608 obtinen-

96 640 176 695 do,
207 642 372 686 oblatas
404 656 493 686 esse
527 638 852 687 dissertatiOnes.

237 796 449 842 Onmms
483 796 797 841 THEOLOGICI
828 809 1079 839 mmcmM.

112 968 117 971 ·
160 953 330 993 Orsi-ini
379 951 716 1004 Theologorum
758 965 836 990 sex
886 950 1065 991 oblatae
1105 956 1219 991 sunt>

98 1030 451 1084 Disputationes
480 1029 544 1068 ad
551 1028 846 1081 propositam
867 1026 1186 1076 Quaestionem
1197 1042 1216 1068 .·

101 1105 222 1162 Quae
250 1102 328 1147 fuit
361 1101 633 1146 Hierarchiae
669 1102 890 1146 Romanae
907 1135 920 1156 ,
963 1102 1104 1147 medio
1143 1118 1218 1148 se-

103 1181 198 1225 culo
231 1186 279 1224 11
296 1212 309 1233 ‚
338 1186 435 1223 ante
456 1178 705 1236 Gregorium
722 1179 803 1223 VII
831 1180 1016 1224 conditio
1042 1187 1083 1225 et
1111 1195 1218 1226 auc-

104 1256 289 1302 toritas?
332 1256 471 1314 Quam
504 1255 658 1309 subiit,
688 1255 760 1299 illo
786 1263 958 1302 auctore
980 1290 992 1311 ‚
1023 1272 1215 1303 commu-

102 1334 338 1380 tationem?

112 1430 116 1433 ·
164 1413 347 1457 Auctor
370 1411 530 1471 primae
548 1414 972 1465 commentationis,
989 1414 1065 1454 cui
1085 1414 1223 1468 Sym-

107 1494 283 1536 bolum:
313 1491 533 1549 Tempora
567 1503 654 1533 non
683 1503 783 1533 raro
804 1498 916 1543 cet.‚
937 1480 1086 1546 parvi
1106 1487 1226 1546 pre-

109 1571 167 1612 tii
216 1569 341 1611 nobis
387 1569 550 1610 obtulit
597 1568 804 1610 libellum
825 1599 838 1621 ,
886 1570 933 1610 in
957 1584 1045 1625 quo
1080 1583 1224 1626 neque

108 1648 315 1702 ingenim
346 1661 488 1702 neque
503 1646 689 1701 judicio
723 1661 817 1686 sese
849 1647 1194 1690 commendavit.

113 1717 116 1720 Δ
164 1722 366 1767 Secunda
420 1723 692 1777 Disputatio
715 1753 727 1774 ,
782 1723 1007 1764 sententia
1061 1721 1228 1766 Horatii
1277 1743 1280 1745 ·

111 1802 366 1845 distincta:
396 1798 566 1843 Terruit
590 1805 756 1857 gentes,
785 1807 1000 1842 versatur
1031 1801 1078 1842 in
1111 1815 1228 1842 nar-

113 1880 274 1922 randis
326 1880 564 1920 Ecclesiae
624 1885 669 1919 et
719 1877 1027 1920 Hierarclziae
1068 1879 1196 1934 fatis
1213 1907 1228 1931 ‚

115 1956 337 2012 Gregorii
366 1956 479 1998 VII
513 1962 663 1997 aetate
677 1973 698 2007 ,·
730 1956 880 2011 ipsam
916 1971 1023 1999 vero
1052 1955 1230 2012 Quaes-

43 2046 49 2054 ·
105 2034 280 2075 lionem
323 2048 409 2075 non
445 2034 536 2074 nisi
580 2032 725 2074 obiter
767 2033 973 2088 attingit.
1049 2033 1231 2090 Requi-

119 2112 242 2153 ritur
271 2112 318 2152 in
344 2126 400 2152 ea
423 2112 559 2164 justa
583 2125 741 2152 rerum
763 2111 1030 2165 dispositio,
1055 2112 1231 2164 judicii

114 2197 330 2240 acumen,
361 2189 496 2229 docta
528 2194 572 2228 et
599 2188 787 2229 erudita
820 2202 980 2228 rerum
1007 2195 1234 2243 pertrac-

112 2264 247 2305 tatio,
1148 2265 1150 2268 ’
1203 2252 1206 2255 ⁴

176 2341 323 2381 Hisce
346 2343 660 2397 praeferenda
681 2340 808 2384 nobis
831 2342 1018 2385 videtur
1045 2341 1231 2396 Dispu-

1151 2427 1227 2462 ta..
