1483 2860
200 226 268 263 -86
450 225 1119 264 COMMENTATIO

224 334 337 371 ratori
366 334 578 382 praestando
604 333 764 371 adstricti
798 343 900 372 erant
936 333 1031 383 (1);
1061 346 1081 372 a
1106 346 1212 382 quo,
1250 333 1334 372 eum

228 415 365 441 munus
400 404 564 448 inirent,
592 403 686 440 lituo
725 403 793 452 (2)
832 403 893 442 seu
927 405 1061 443 baculo
1098 413 1134 441 et
1173 406 1337 451 annulo,

228 473 457 512 obedientiae
495 481 530 509 et
561 472 708 510 futurae
747 474 1020 522 conjunctionis
1056 485 1140 512 cum
1180 472 1338 521 imperio

229 543 333 581 civili
366 542 508 590 fignis,
551 543 777 580 ornabantur
802 543 886 591 (3).
940 544 1030 581 Mos
1064 543 1153 589 ille,
1186 555 1229 580 ex
1266 544 1339 581 Im-

230 623 441 662 peratorum
469 612 657 650 beneficiis
686 621 721 649 et
752 612 985 650 Clericorum
1021 614 1121 659 grata
1147 614 1340 654 voluntate

231 691 365 730 ortus,
402 682 494 731 legis
529 691 565 720 et
600 682 712 719 officii
744 682 916 730 deinceps
951 681 1026 719 vim
1065 681 1222 728 habuit,
1250 682 1342 719 adeo

230 761 274 792 ut
299 752 482 801 Episcopi
515 763 592 789 non
631 760 774 789 tantum
812 751 1025 800 dignitatern
1060 750 1158 788 suam
1197 751 1242 789 ab
1271 752 1342 790 Im-

232 832 401 872 peratore
429 823 666 871 acciperent,
707 822 767 859 sed
799 821 836 858 in
871 822 983 870 hujus
1017 821 1265 868 patrocinium
1307 829 1344 859 et

229 893 435 931 clientelam
456 892 491 929 se.
510 891 743 929 committere
765 891 1005 939 ejtisdemque
1028 890 1181 928 vasallos
1207 891 1241 928 se
1258 902 1346 939 pro-

232 963 330 1002 fiteri
358 963 595 1009 viderentur,
624 960 809 1009 regalibus
834 961 996 1009 praediis
1029 972 1049 998 a
1077 960 1157 999 solo
1184 961 1347 1009 Impera-

232 1042 316 1071 tore
349 1032 595 1070 concedendis
622 1031 787 1070 fruentes
815 1032 899 1080 (4).
955 1032 1016 1069 Ex
1043 1032 1166 1069 eadem
1192 1031 1350 1069 Investi-

231 1112 336 1142 turae
357 1105 438 1150 lege
454 1130 466 1150 ,
494 1103 698 1150 Imperator
724 1113 843 1139 rerum
868 1102 1051 1140 Ecclesiae
1079 1103 1117 1139 in
1148 1101 1350 1140 Germania

235 1184 271 1212 et
306 1173 602 1222 Longobardia,
642 1173 709 1211 nifi
743 1184 897 1218 curam,
934 1173 1084 1209 tutelam
1116 1171 1240 1209 saltem
1280 1171 1349 1209 fibi

229 1243 444 1290 tribuebat,
473 1242 671 1281 Ecclefiam
693 1243 739 1280 ab
771 1243 872 1280 omni
907 1242 1074 1290 periculo
1105 1251 1221 1279 tutam
1246 1253 1349 1290 prae-

234 1313 325 1352 stare
364 1313 592 1360 conabatur,
630 1321 742 1359 atque
779 1312 865 1349 hinc
902 1310 1091 1349 universae
1128 1311 1350 1350 hierarchiae

234 1385 474 1422 moderantiae
498 1384 559 1432 Jus
595 1381 664 1420 fibi
697 1382 914 1420 deducebat.
968 1383 1096 1429 Itaque
1115 1392 1192 1419 non
1217 1383 1352 1420 miran-

236 1455 324 1493 dum
349 1463 405 1491 est
422 1455 520 1501 ,hoc
549 1453 795 1490 Investiturae
824 1452 1030 1489 institutum
1051 1451 1238 1500 Gregorio
1262 1453 1349 1491 VII.

236 1525 341 1562 valde
376 1523 641 1571 displicuisse3
691 1522 938 1569 Imperatores
972 1522 1093 1568 enim,
1121 1521 1188 1560 fibi
1211 1531 1349 1560 tantam

235 1593 493 1633 auctoritatem
529 1593 566 1629 in
609 1591 828 1628 clericorum
867 1591 977 1628 rebus
1004 1591 1264 1637 vindicantes,
1287 1590 1348 1629 su-

238 1663 357 1713 premi
395 1663 535 1700 Romae
563 1660 754 1710 pontificis
788 1660 1002 1700 auctoritati
1030 1672 1253 1709 magnopere
1287 1662 1355 1699 ob·

239 1743 394 1772 trectare
425 1733 660 1771 videbantur.
715 1732 889 1770 Attamen
926 1742 1010 1768 cum
1041 1730 1248 1779 Gregorius
1286 1731 1358 1769 hu-

233 1806 296 1856 3115
333 1802 616 1842 consuetudinis
661 1801 737 1839 virn
776 1803 821 1839 ad
859 1801 1015 1839 clericos
1057 1801 1130 1839 sedi
1164 1801 1354 1840 Romanae

1297 1871 1359 1909 de-

280 1994 336 2029 (1)
357 1993 449 2021 conf.
472 1993 649 2025 Heeren,
670 1991 692 2018 l.
708 1997 735 2017 c.
760 1996 827 2024 pag.
851 1991 900 2023 67·

282 2055 333 2093 (τ)
353 2056 421 2084 Hoc
444 2055 665 2089 Epist-operum
689 2050 870 2090 σκῆπτρον,
894 2052 943 2080 nifi
980 2053 1014 2079 ab
1042 2050 1210 2085 Auguribus
1242 2051 1357 2080 mutui-

245 2121 329 2149 tum,
354 2114 456 2141 saltem
478 2111 546 2140 litui
572 2110 718 2145 auguralis
739 2110 896 2144 imaginem
918 2109 1022 2137 refert.

285 2170 338 2206 (3)
359 2169 451 2198 conf.
470 2170 490 2197 P
504 2168 684 2203 lanck‚'1.
705 2175 754 2202 c.‚
776 2175 842 2202 pag.
867 2171 918 2196 1'28
931 2186 940 2200 ‚
963 2173 992 2193 et
1010 2165 1052 2194 ibi
1071 2171 1142 2193 nota
1159 2165 1224 2201 (8).

281 2227 336 2262 (a)
358 2226 450 2255 conf.
468 2226 496 2263 J.
520 2224 594 2253 Gie
607 2232 645 2252 se
658 2226 734 2258 let,
754 2226 777 2253 l.
791 2232 819 2253 c.
843 2225 883 2253 11.
908 2225 942 2252 Β.
961 2224 985 2252 1.
1002 2224 1059 2253 Ab.
1072 2243 1081 2258 ‚
1102 2231 1169 2260 pag.
1184 2225 1332 2259 193-—198
1345 2231 1358 2257 ε

248 2285 406 2319 Planck,
432 2284 455 2312 1.
476 2291 503 2312 c.
524 2283 579 2311 111.
603 2283 637 2311 B.
662 2290 728 2318 pag.
747 2283 823 2319 468,
845 2281 874 2317 §-
900 2284 946 2311 16.
1338 2271 1342 2274 ”
