1483 2860
298 267 369 304 208
519 263 1190 311 COMMENTATIO

293 381 461 421 taverat‚
490 373 601 422 seque
633 373 781 412 civibus
806 372 878 412 suis
911 373 1057 412 hostem
1089 384 1159 421 pro
1198 383 1281 423 rege
1310 382 1416 422 prae-

292 444 438 482 buerat.
504 445 577 482 liic
617 445 857 481 inveteratum
905 443 1031 482 odium
1072 443 1224 492 penitus
1263 442 1413 482 infitum

293 514 463 559 habens,
497 513 636 550 civium
675 522 833 560 questus
867 525 1067 561 precesque
1103 524 1180 551 non
1221 513 1413 552 audiverat

291 593 404 630 atque
436 591 608 631 tanquam
651 582 689 620 in
721 584 1009 622 consceleratam
1057 584 1330 622 multitudinem
1373 572 1414 622 in

292 654 475 702 populum
512 653 614 691 suum
648 651 835 691 saevierat.
891 655 1022 702 Belgae
1057 665 1178 700 vem,
1218 653 1415 691 Guliel-

292 735 361 761 mo
390 734 473 760 cum
506 722 634 769 primis
658 731 837 768 auctore,
873 722 1042 760 inufitata
1071 721 1246 769 patientia
1271 720 1404 759 damna

292 793 390 831 illata
435 793 666 840 pertulerunt
684 819 696 838 ,
747 791 900 840 regique
949 791 1197 829 obedientiam
1242 791 1409 829 nondum

293 870 531 912 negaverant.
585 861 755 907 Verum,
787 860 851 897 ubi
881 861 1011 907 Belgae
1052 871 1173 908 regem
1193 860 1329 908 populi
1357 859 1413 899 sui

295 933 448 972 exitium
472 940 614 970 tantum
646 942 800 978 parare,
837 940 1061 978 omnemque
1097 929 1413 969 reconciliationis

293 1003 394 1052 spem
437 1001 627 1040 evanuisse
669 1001 870 1047 viderunt,
925 1000 1082 1048 imperio
1129 1001 1210 1050 ejus
1244 1001 1415 1050 amplius

294 1072 441 1111 subesse
470 1071 647 1110 nolebant
674 1082 797 1118 neque
825 1070 933 1109 etiam
962 1079 1149 1120 poterant.
1204 1071 1308 1122 Quid
1346 1071 1417 1119 igi-

296 1151 359 1180 tur
390 1141 550 1188 mirum,
576 1139 932 1186 Gulielmum‚
961 1141 1064 1187 quod
1097 1140 1170 1189 jam
1197 1140 1261 1179 diu
1285 1140 1410 1180 animo

294 1212 524 1260 agitaverat,
573 1211 719 1248 tandem
755 1222 821 1258 per
857 1203 1040 1248 Ordinum
1081 1210 1320 1249 Generalium
1351 1210 1418 1248 de·

293 1291 436 1321 cretum
473 1280 662 1326 effecisse,
692 1289 734 1318 ut
765 1292 829 1318 rex
863 1279 1104 1328 abrogaretur
1125 1280 1226 1328 (ιγ.)
1279 1282 1410 1328 Atque

295 1354 368 1391 hoc
390 1354 491 1402 Juste
516 1360 552 1389 et
571 1350 735 1398 legitime
760 1362 779 1387 a
804 1349 1036 1390 Gulielm
1053 1360 1076 1386 o
1112 1349 1313 1397 Belgisque
1337 1348 1414 1388 fac-

295 1433 376 1462 tum
402 1422 477 1461 esse
493 1449 506 1468 ,
534 1421 619 1469 quis
641 1429 724 1467 est,
753 1419 818 1467 qui
843 1419 1023 1458 dubitet?
1051 1418 1144 1456 Tam
1166 1430 1295 1466 graves
1326 1429 1416 1466 pro·

295 1485 396 1533 fecto
431 1491 639 1531 existebant
673 1488 826 1535 causae,
881 1498 1036 1537 propter
1082 1499 1174 1535 quas
1219 1488 1415 1537 Philip·

295 1575 394 1614 pus
423 1563 615 1610 Belgarum
648 1560 770 1597 hostis
798 1559 990 1596 habendus
1026 1568 1129 1603 erat,
1170 1568 1211 1596 ut
1236 1569 1301 1596 eos
1335 1569 1415 1596 am-

298 1635 398 1685 plius
433 1644 584 1681 regnare
621 1632 721 1669 haud
764 1629 902 1678 posset.
975 1629 1134 1667 Nullum
1182 1628 1314 1676 populi
1356 1626 1413 1666 sui

296 1716 458 1744 amorem
477 1732 489 1749 ‚
516 1680 913 1740 nullam⁸clementiam
931 1726 944 1744 ‚
974 1706 1015 1736 ut
1032 1697 1271 1746 imperantem
1298 1708 1414 1746 opor-

299 1786 378 1823 tet,
404 1775 527 1813 animo
550 1771 670 1810 alebat
696 1769 987 1817 Philippus.
1017 1767 1245 1816 Implacibile
1270 1776 1414 1806 tantum

299 1846 425 1885 odium
442 1874 456 1892 ‚
482 1843 647 1881 vindicta
662 1839 941 1888 imperandique
965 1837 1151 1885 cupiditas
1170 1846 1302 1885 pectus
1323 1838 1414 1875 adu·-

299 1916 428 1956 rebant
453 1924 488 1951 et
512 1913 557 1950 ad
581 1912 657 1950 dira
676 1920 844 1958 quaeque
855 1907 1005 1945 confilia
1020 1907 1274 1954 impellebant.
1313 1907 1414 1945 Inter

303 1988 406 2027 cives
431 1984 568 2022 liberos
595 1990 826 2027 nequaquam
845 2006 858 2025 ,
886 1978 945 2015 sed
963 1977 1057 2014 inter
1082 1976 1209 2015 servos
1234 1978 1416 2016 dominari

300 2055 489 2108 cupiebat.
525 2049 660 2100 Populi
686 2048 835 2086 salutem
862 2058 990 2095 parum
1013 2047 1166 2085 curabat
1180 2047 1322 2095 ,omnia
1346 2048 1414 2087 suo

1353 2129 1412 2156 ar-

341 2239 394 2277 (1)
415 2239 461 2268 De
482 2231 666 2269 Philippi
691 2229 884 2265 abrogatione
907 2229 1020 2258 videat.
1037 2228 1175 2257 omnino.
1204 2227 1252 2257 Cl.
1272 2226 1388 2256 Kluit
1408 2247 1419 2262 ,

302 2293 538 2335 ſswijn'dgsndc
566 2299 636 2319 over
660 2288 683 2316 ’t
710 2289 815 2322 recht,
838 2287 862 2314 ’t
894 2287 967 2314 welk
995 2287 1030 2313 tle
1062 2285 1293 2314 Neda-landen
1316 2284 1416 2320 gobal

303 2357 435 2388 hebben,
456 2361 499 2380 on·
517 2356 585 2381 enz,
605 2346 701 2380 Leijd.
726 2352 808 2380 ¹779-
