1483 2860
391 202 984 244 THEOLOGICA.
1207 216 1252 252 53

142 322 227 360 tur,
260 311 485 360 aliquamdiu
510 311 549 349 in
572 311 799 350 monasterio
827 310 1060 350 Cluniacenfi
1096 319 1259 349 moratus

140 391 223 429 est,
275 380 341 419 ubi
379 380 659 419 familiaritatem
689 391 774 418 cum
814 382 997 419 monacho
1045 381 1157 430 hujus
1194 390 1255 416 or-

138 451 264 499 dinis,
325 450 604 497 Hildebrand0‚
671 451 888 497 contraxit,
944 451 1053 499 qu'us
1102 459 1249 486 morum

134 521 382 560 austeritatem
397 549 410 568 ,
437 520 575 558 indolis
599 520 830 568 prudentiam
857 519 1069 570 ingeniique
1092 527 1247 556 acumen

132 590 314 639 miratus,
367 602 450 628 eum
484 589 624 628 itineris
659 601 700 628 ac
732 589 852 629 futuri
894 589 1058 628 muneris
1104 586 1243 626 socium

129 659 296 699 assumsit
322 660 403 710 (1).

179 730 279 769 Cum
309 731 460 778 Bruno‚
488 729 630 768 Leonis
654 729 725 769 IX.
752 729 904 767 nomine
928 729 1102 778 deinceps
1128 728 1246 778 defig-

129 809 266 848 natus,
302 811 324 838 a
361 801 505 849 populo
538 800 710 838 Romano
743 800 781 838 in
819 799 997 848 dignitate
1034 799 1123 845 sua,
1166 797 1246 836 sua-

127 871 236 909 dente
275 869 553 916 Hildebrando‚
594 869 836 907 confirmatus
872 869 991 917 esset,
1032 875 1242 906 convocato

129 939 306 978 Remensi
345 938 507 977 concilio
541 939 713 988 (1049),
757 937 945 976 simoniam
980 946 1016 976 et
1043 937 1113 976 alia
1136 936 1244 975 cleri·

125 1022 255 1048 corum
291 1009 379 1047 vitia
402 1009 532 1047 tollere
563 1018 719 1046 conatus
744 1014 801 1046 est
827 1009 923 1058 (2);
952 1008 1026 1056 egit
1055 1015 1243 1057 praeterea

127 1080 174 1118 de
209 1079 426 1118 ministeriis
472 1077 725 1117 ecclesiasticis
768 1088 804 1118 et
835 1079 1040 1125 altaribus,
1094 1088 1188 1125 quae
1223 1087 1244 1116 a

123 1149 226 1189 laicis
252 1149 499 1196 tenebantur,
524 1150 569 1187 de
605 1148 730 1197 pravis
762 1147 1093 1187 consuetudinibus
1114 1146 1242 1185 abhis

127 1220 167 1258 in
187 1218 414 1258 ecclefiarum
441 1218 542 1256 atriis
571 1218 734 1256 inductis
752 1246 766 1266 ,
791 1218 873 1256 aliis
901 1218 996 1266 (3);
1025 1216 1144 1255 vetuit
1162 1225 1244 1254 tan·

125 1291 207 1329 dem
238 1300 285 1327 ne
319 1289 405 1337 quis
444 1289 678 1328 clericorum
728 1299 826 1326 arma
871 1287 1042 1325 militaria
1083 1295 1244 1336 gestaret

122 1367 187 1397 aut
215 1359 419 1396 mundanae
448 1357 602 1395 militiae
634 1356 829 1396 deserviret
856 1357 941 1406 (4).
1002 1356 1113 1395 Brevi
1148 1363 1240 1404 post

121 1428 188 1468 suo
221 1427 296 1477 ipse
330 1428 502 1475 exemplo
538 1427 733 1475 ostendit,
754 1436 938 1476 quatenus
976 1427 1047 1465 tale
1070 1426 1162 1474 quid
1200 1425 1246 1462 in'

1167 1496 1240 1532 cle-

164 1586 217 1624 (1)
238 1588 331 1616 Otto
357 1586 540 1621 Frissngenfis
564 1586 677 1614 chron.
691 1606 701 1621 ‚
722 1585 794 1615 Lib.
816 1586 872 1614 VI.
896 1585 973 1620 Cap.
997 1593 1046 1619 33.

163 1644 218 1680 (α)
238 1645 280 1673 Ut
305 1643 344 1671 ita
375 1642 504 1672 clericos
527 1642 657 1671 decretis
684 1642 844 1670 emendare
865 1648 1047 1676 conaretur,
1068 1641 1136 1670 Leo
1164 1647 1242 1668 anno

129 1705 202 1738 1046
223 1702 258 1729 ab
279 1700 417 1729 Henrico
444 1701 503 1733 ΙΙΙ.
522 1699 764 1736 ,ίωρεηεδεωῃ
802 1698 856 1734 qui
884 1699 999 1728 Romae
1031 1698 1113 1726 idem
1137 1696 1248 1726 frustra

125 1766 310 1788 tentaverat.
1141 1792 1147 1800 Ι

156 1816 212 1852 (3)
233 1816 274 1844 Ut
298 1815 344 1843 his
373 1814 509 1842 abufibus
539 1813 606 1842 fluis
639 1812 870 1848 imponeretur,
911 1813 974 1841 Leo
1009 1810 1139 1846 symboli
1174 1810 1242 1846 spe-

117 1873 196 1903 ciem
221 1872 337 1907 edidit,
357 1879 419 1907 quo
445 1869 519 1899 fides
547 1869 697 1899 catholica
713 1870 824 1899 stabilis
854 1877 885 1898 et
913 1869 1037 1897 immota
1063 1868 1243 1900 haberetur;

118 1931 179 1960 hoc
200 1930 370 1965 symbolum
396 1934 526 1964 quatuor
550 1927 753 1956 conciliorum
771 1926 951 1955 auctoritate
971 1925 1145 1961 nitebatur,
1166 1932 1243 1960 quae

117 1987 214 2016 veluti
235 1995 364 2023 quatuor
383 1985 547 2021 Evangelia
573 1985 638 2014 esse
656 1984 828 2013 veneranda
850 1983 914 2019 ipse
936 1982 1149 2019 profitebatur.
1172 1981 1242 2010 Vid.

116 2044 183 2078 ejus
207 2045 338 2080 epistola
358 2045 394 2072 ad
423 2045 562 2078 Petrum,
588 2042 777 2077 Episcopum
805 2041 1053 2074 Antiochenum,
1095 2045 1172 2074 quae
1198 2044 1246 2067 εει

114 2101 217 2136 quinta
240 2101 272 2130 in
297 2100 522 2134 Harduini,
542 2101 635 2127 Actis
664 2099 896 2133 Gemmarum,
921 2096 1014 2126 Tom.
1037 2097 1090 2125 vl.
1114 2095 1194 2125 Part.
1216 2094 1242 2124 1.

121 2165 188 2195 pos.
211 2165 288 2194 9⁵25
309 2165 339 2185 et
359 2156 494 2185 Concilii
511 2157 665 2184 Remenfis
683 2162 766 2190 acta,
790 2154 923 2190 ibidem,
943 2161 1011 2189 pag.
1030 2161 1100 2190 994.

160 2215 217 2252 (4)
245 2214 346 2243 Conff.
370 2213 504 2242 concilii
537 2214 692 2242 Remenfls
716 2219 800 2247 acta,
836 2211 868 2240 in
897 2211 989 2239 Aem
1014 2210 1242 2244 Consilinum,

125 2270 348 2307 Hnduini,
370 2271 458 2300 Ten.
485 2271 541 2299 Vl.
567 2272 646 2300 Part.
669 2270 694 2298 1.
718 2277 783 2305 paz.
809 2276 893 2303 1007.
919 2267 992 2297 Cau:
1018 2266 1071 2295 Vl.
