1483 2860
323 174 918 224 THEOLoolcss
1123 185 1178 224 n

63 295 126 330 tur
141 314 154 333 ‚
171 297 246 335 quo
259 286 341 325 lites
367 297 450 325 cum
473 285 695 333 Imperatore
719 284 763 321 de
785 283 894 331 Papis
918 282 1096 329 eligendis
1120 282 1177 319 di-

65 357 284 394 rimerentur
300 384 312 403 ‚
340 365 451 403 atque
476 353 762 392 efficacissimum
798 354 985 390 vinculum
1009 352 1102 389 inter
1125 351 1185 388 ci-

62 425 137 464 vile
159 425 353 474 imperium
384 433 421 463 et
455 423 593 462 sacrum
629 423 832 460 solveretur
867 422 952 471 (ι).
1004 421 1066 459 Ab
1105 422 1178 460 hoc

62 495 115 534 ita
147 504 315 544 tempore
352 496 530 543 Paparum
565 493 698 531 electio
725 503 838 541 penes
873 491 972 530 solos
1000 491 1181 530 CardIna-

63 566 118 604 les
145 564 248 612 fuit,
275 564 498 614 approbatio
526 576 615 602 vero
638 574 751 612 penes
787 563 999 612 populum,
1028 570 1065 599 et
1088 571 1187 599 con·-

64 635 284 675 firmationis
336 637 458 673 honos
499 645 614 683 penes
667 634 944 682 Imperatorem.
1021 631 1189 675 Novum,

64 706 137 744 hoc
169 704 376 743 institutum
419 704 513 743 tanti
547 703 618 742 fuit
645 704 683 741 in
721 702 946 741 hierarchiae
981 702 1184 751 progressi-

64 775 138 813 bus
174 775 352 813 momenti
383 783 597 822 tantamque
633 773 707 812 vim
736 775 774 811 in
803 782 994 822 posterum
1021 771 1183 819 habuit,

67 852 132 891 ut,
158 843 185 882 fi
219 846 293 882 hoc
321 854 436 882 unum
464 843 682 881 clericorum
706 843 823 891 gratia
844 841 1081 891 praestitisset
1102 841 1186 880 Hil-

68 914 303 960 debrandus‚
330 914 375 951 ab
409 913 467 951 his
497 915 534 951 in
568 922 756 951 aeternum
779 913 876 961 coli,
903 924 924 951 a
962 912 1094 951 ceteris
1131 911 1187 950 fa·

70 984 195 1023 mosus
230 984 357 1022 haberi
391 992 607 1022 mereretur.

122 1054 192 1091 Vis
226 1054 339 1103 hujus
381 1052 632 1092 Cardinalium
667 1051 814 1100 collegii
837 1052 909 1100 jam
951 1050 1066 1088 statim
1100 1059 1190 1099 post

72 1123 217 1161 obitum
257 1122 406 1162 Nicolai
439 1123 490 1161 ΙΙ.
518 1122 665 1171 (1061)
697 1122 939 1168 cernebatur3
980 1132 1063 1158 cum
1092 1120 1190 1158 enim

73 1193 162 1231 varii
183 1193 367 1232 Ecclesiae
389 1201 502 1240 atque
527 1192 677 1241 Imperii
699 1192 846 1230 ordines
877 1192 921 1229 de
936 1192 1018 1240 jure
1046 1202 1190 1231 novum

74 1265 208 1311 Papam
252 1263 407 1312 eligendi
447 1262 581 1301 acriter
622 1262 718 1310 inter
753 1261 789 1299 se
822 1262 1055 1310 disputarent
1091 1262 1190 1310 (2),

74 1333 350 1373 Hildebrandus
378 1345 423 1371 eo
439 1345 514 1371 rem
543 1332 717 1382 perduxit
737 1360 750 1380 ‚
777 1340 819 1369 ut
845 1330 1089 1379 Cardinales‚
1119 1332 1193 1370 Im-

73 1404 256 1454 peratoris
293 1403 600 1452 approbationem
632 1403 732 1441 haud
757 1402 1035 1450 exspectantes,
1064 1400 1197 1441 Ansel-

75 1486 175 1512 mum
217 1473 445 1521 Lucensem,
487 1473 553 1522 qui
592 1472 709 1510 statim
743 1472 943 1511 Alexandri
980 1472 1028 1510 II.
1058 1481 1196 1510 nomen

76 1544 228 1592 sumsit,
255 1544 474 1582 auctoritate
502 1556 542 1581 ac
567 1545 649 1592 J'ure
671 1542 738 1579 suo
759 1543 894 1590 Papam
923 1541 1195 1580 consecrarent.

78 1615 165 1666 Qua
203 1615 249 1653 de
283 1626 321 1651 re
349 1613 539 1651 Henricus
567 1613 636 1651 IV.
663 1621 897 1660 conquestus
919 1612 1030 1650 alium
1059 1612 1195 1661 Papam

78 1685 242 1724 exercitu
266 1683 438 1732 stipatum
469 1683 626 1721 Romam
663 1682 759 1720 misit
776 1711 788 1729 ‚
817 1680 876 1718 sed
897 1681 1072 1729 frustra3
1109 1691 1195 1719 nam

75 1756 148 1806 iam
176 1755 242 1792 hac
267 1753 553 1803 opportunitate
580 1752 686 1791 sensit
709 1753 958 1802 praevalentes
983 1752 1107 1801 magni
1131 1764 1198 1791 cu-

76 1827 221 1876 iusdam
261 1823 400 1873 ingenii
436 1823 548 1864 vires.

1125 1893 1201 1931 Ini-

97 2005 173 2055 μ(ι)
196 2018 339 2046 Videatur
363 2018 399 2045 de
420 2018 480 2045 hoc
512 2016 647 2045 instituto
681 2023 712 2043 et
743 2015 946 2044 Cardinalium
973 2015 1106 2044 nominis
1133 2004 1199 2051 e'ty-

84 2075 217 2109 mologia
241 2083 317 2110 quae
343 2074 422 2103 dicta
449 2075 516 2103 sunt
537 2073 626 2107 hujus
652 2073 945 2106 Commemadon’zs,
963 2074 1004 2102 Pa
1022 2081 1045 2102 t.
1073 2071 1097 2102 1.
1123 2074 1202 2109 Cap.

74 2132 139 2163 111,
158 2132 184 2167 S.
202 2140 231 2165 4.

123 2186 177 2223 (2)
198 2186 279 2215 Lites
299 2194 329 2215 et
347 2186 463 2215 disfidia
483 2187 520 2214 de
547 2186 620 2214 novi
639 2189 733 2221 Papae
769 2185 922 2214 electione
948 2186 1070 2216 uberius
1105 2196 1201 2225 expo·

88 2243 148 2273 suit
169 2243 334 2278 Nauck,
352 2245 373 2271 1.
391 2251 418 2272 e.
437 2244 492 2273 lv.
513 2245 548 2272 Β.
568 2244 594 2273 Ῑ.
616 2243 676 2272 Ab.
696 2249 764 2280 pag.
788 2247 821 2273 δι
846 2242 931 2279 seqq.
