<?xml version="1.0" encoding="UTF-8"?>
<!DOCTYPE html PUBLIC "-//W3C//DTD XHTML 1.0 Transitional//EN"
    "http://www.w3.org/TR/xhtml1/DTD/xhtml1-transitional.dtd">
<html xmlns="http://www.w3.org/1999/xhtml" xml:lang="en" lang="en">
 <head>
  <title>
</title>
<meta http-equiv="Content-Type" content="text/html;charset=utf-8" />
  <meta name='ocr-system' content='tesseract 3.04.00' />
  <meta name='ocr-capabilities' content='ocr_page ocr_carea ocr_par ocr_line ocrx_word'/>
</head>
<body>
  <div class='ocr_page' id='page_1' title='image "annalesacademiae29acad_0819.png"; bbox 0 0 1483 2860; ppageno 0'>
   <div class='ocr_carea' id='block_1_1' title="bbox 485 185 1254 243">
    <p class='ocr_par' dir='ltr' id='par_1_1' title="bbox 485 185 1254 243">
     <span class='ocr_line' id='line_1_1' title="bbox 485 185 1254 243; baseline 0.007 -16"><span class='ocrx_word' id='word_1_1' title='bbox 485 185 904 228; x_wconf 71' lang='lat' dir='ltr'><strong>DnACETO.</strong></span> <span class='ocrx_word' id='word_1_2' title='bbox 1207 203 1254 243; x_wconf 86' lang='lat'><strong>25</strong></span> 
     </span>
    </p>
   </div>
   <div class='ocr_carea' id='block_1_2' title="bbox 139 294 1277 1962">
    <p class='ocr_par' dir='ltr' id='par_1_2' title="bbox 139 294 1266 909">
     <span class='ocr_line' id='line_1_2' title="bbox 141 294 1256 348; baseline 0.001 -9"><span class='ocrx_word' id='word_1_3' title='bbox 141 300 252 347; x_wconf 81' lang='lat' dir='ltr'><strong>sunt,</strong></span> <span class='ocrx_word' id='word_1_4' title='bbox 294 297 382 336; x_wconf 88' lang='lat' dir='ltr'><strong>haec</strong></span> <span class='ocrx_word' id='word_1_5' title='bbox 413 304 539 334; x_wconf 87' lang='lat' dir='ltr'><strong>musto</strong></span> <span class='ocrx_word' id='word_1_6' title='bbox 574 294 804 344; x_wconf 82' lang='lat' dir='ltr'><strong>implentur,</strong></span> <span class='ocrx_word' id='word_1_7' title='bbox 838 297 953 336; x_wconf 87' lang='lat' dir='ltr'><strong>modo</strong></span> <span class='ocrx_word' id='word_1_8' title='bbox 982 297 1056 348; x_wconf 81' lang='lat' dir='ltr'><strong>J‘atn</strong></span> <span class='ocrx_word' id='word_1_9' title='bbox 1087 309 1256 341; x_wconf 87' lang='lat' dir='ltr'><strong>enarrato</strong></span> 
     </span>
     <span class='ocr_line' id='line_1_3' title="bbox 141 364 1260 421; baseline 0.003 -14"><span class='ocrx_word' id='word_1_10' title='bbox 141 381 162 408; x_wconf 89' lang='lat' dir='ltr'><strong>e</strong></span> <span class='ocrx_word' id='word_1_11' title='bbox 182 368 288 407; x_wconf 87' lang='lat' dir='ltr'><strong>malis</strong></span> <span class='ocrx_word' id='word_1_12' title='bbox 315 366 506 406; x_wconf 89' lang='lat' dir='ltr'><strong>confecto.</strong></span> <span class='ocrx_word' id='word_1_13' title='bbox 559 365 747 421; x_wconf 86' lang='lat' dir='ltr'><strong>Praeterea</strong></span> <span class='ocrx_word' id='word_1_14' title='bbox 770 364 832 404; x_wconf 88' lang='lat' dir='ltr'><strong>sex</strong></span> <span class='ocrx_word' id='word_1_15' title='bbox 856 366 973 406; x_wconf 89' lang='lat' dir='ltr'><strong>librae</strong></span> <span class='ocrx_word' id='word_1_16' title='bbox 996 369 1110 408; x_wconf 87' lang='lat' dir='ltr'><strong>faecis</strong></span> <span class='ocrx_word' id='word_1_17' title='bbox 1135 371 1260 410; x_wconf 84' lang='lat' dir='ltr'><strong>acidae</strong></span> 
     </span>
     <span class='ocr_line' id='line_1_4' title="bbox 139 434 1262 490; baseline -0.004 -12"><span class='ocrx_word' id='word_1_18' title='bbox 139 438 360 486; x_wconf 81' lang='lat' dir='ltr'><strong>cerevisiae,</strong></span> <span class='ocrx_word' id='word_1_19' title='bbox 407 447 453 473; x_wconf 79' lang='lat' dir='ltr'><strong>ex</strong></span> <span class='ocrx_word' id='word_1_20' title='bbox 481 434 663 474; x_wconf 89' lang='lat' dir='ltr'><strong>fermento</strong></span> <span class='ocrx_word' id='word_1_21' title='bbox 697 444 734 474; x_wconf 91' lang='lat' dir='ltr'><strong>et</strong></span> <span class='ocrx_word' id='word_1_22' title='bbox 769 436 888 474; x_wconf 87' lang='lat' dir='ltr'><strong>farina</strong></span> <span class='ocrx_word' id='word_1_23' title='bbox 919 436 1074 476; x_wconf 88' lang='lat' dir='ltr'><strong>secalina</strong></span> <span class='ocrx_word' id='word_1_24' title='bbox 1109 452 1262 490; x_wconf 84' lang='lat' dir='ltr'><strong>praepa.</strong></span> 
     </span>
     <span class='ocr_line' id='line_1_5' title="bbox 141 504 1261 560; baseline 0.002 -12"><span class='ocrx_word' id='word_1_25' title='bbox 141 518 241 549; x_wconf 81' lang='lat' dir='ltr'><strong>ratae</strong></span> <span class='ocrx_word' id='word_1_26' title='bbox 254 536 269 557; x_wconf 89' lang='lat'><strong>,</strong></span> <span class='ocrx_word' id='word_1_27' title='bbox 284 517 381 555; x_wconf 89' lang='lat' dir='ltr'><strong>aqua</strong></span> <span class='ocrx_word' id='word_1_28' title='bbox 399 505 562 555; x_wconf 86' lang='lat' dir='ltr'><strong>dilutae,</strong></span> <span class='ocrx_word' id='word_1_29' title='bbox 584 517 652 554; x_wconf 90' lang='lat' dir='ltr'><strong>per</strong></span> <span class='ocrx_word' id='word_1_30' title='bbox 664 504 850 544; x_wconf 85' lang='lat' dir='ltr'><strong>orificium</strong></span> <span class='ocrx_word' id='word_1_31' title='bbox 862 506 963 544; x_wconf 85' lang='lat' dir='ltr'><strong>cadis</strong></span> <span class='ocrx_word' id='word_1_32' title='bbox 987 506 1261 560; x_wconf 85' lang='lat' dir='ltr'><strong>infunduntur,</strong></span> 
     </span>
     <span class='ocr_line' id='line_1_6' title="bbox 141 575 1261 625; baseline 0.004 -9"><span class='ocrx_word' id='word_1_33' title='bbox 141 587 224 618; x_wconf 86' lang='lat' dir='ltr'><strong>tota</strong></span> <span class='ocrx_word' id='word_1_34' title='bbox 253 577 368 616; x_wconf 88' lang='lat' dir='ltr'><strong>massa</strong></span> <span class='ocrx_word' id='word_1_35' title='bbox 402 587 518 625; x_wconf 87' lang='lat' dir='ltr'><strong>porro</strong></span> <span class='ocrx_word' id='word_1_36' title='bbox 555 575 693 614; x_wconf 86' lang='lat' dir='ltr'><strong>bacillo</strong></span> <span class='ocrx_word' id='word_1_37' title='bbox 730 575 826 613; x_wconf 87' lang='lat' dir='ltr'><strong>bene</strong></span> <span class='ocrx_word' id='word_1_38' title='bbox 859 575 1019 624; x_wconf 88' lang='lat' dir='ltr'><strong>agitatur</strong></span> <span class='ocrx_word' id='word_1_39' title='bbox 1049 585 1086 616; x_wconf 91' lang='lat' dir='ltr'><strong>et</strong></span> <span class='ocrx_word' id='word_1_40' title='bbox 1112 580 1261 621; x_wconf 87' lang='lat' dir='ltr'><strong>tandem</strong></span> 
     </span>
     <span class='ocr_line' id='line_1_7' title="bbox 142 644 1261 698; baseline 0.002 -11"><span class='ocrx_word' id='word_1_41' title='bbox 142 659 211 698; x_wconf 87' lang='lat' dir='ltr'><strong>per</strong></span> <span class='ocrx_word' id='word_1_42' title='bbox 234 656 323 687; x_wconf 94' lang='lat' dir='ltr'><strong>octo</strong></span> <span class='ocrx_word' id='word_1_43' title='bbox 359 645 439 685; x_wconf 89' lang='lat' dir='ltr'><strong>dies</strong></span> <span class='ocrx_word' id='word_1_44' title='bbox 469 645 539 686; x_wconf 89' lang='lat' dir='ltr'><strong>fibi</strong></span> <span class='ocrx_word' id='word_1_45' title='bbox 565 644 815 694; x_wconf 84' lang='lat' dir='ltr'><strong>relinquitur,</strong></span> <span class='ocrx_word' id='word_1_46' title='bbox 841 645 981 695; x_wconf 88' lang='lat' dir='ltr'><strong>quibus</strong></span> <span class='ocrx_word' id='word_1_47' title='bbox 1007 650 1261 698; x_wconf 86' lang='lat' dir='ltr'><strong>praeterlapfis</strong></span> 
     </span>
     <span class='ocr_line' id='line_1_8' title="bbox 142 717 1263 769; baseline 0.001 -12"><span class='ocrx_word' id='word_1_48' title='bbox 142 717 288 757; x_wconf 87' lang='lat' dir='ltr'><strong>bonum</strong></span> <span class='ocrx_word' id='word_1_49' title='bbox 325 717 540 756; x_wconf 83' lang='lat' dir='ltr'><strong>confectum</strong></span> <span class='ocrx_word' id='word_1_50' title='bbox 573 724 630 754; x_wconf 92' lang='lat' dir='ltr'><strong>est</strong></span> <span class='ocrx_word' id='word_1_51' title='bbox 656 724 829 765; x_wconf 77' lang='lat' dir='ltr'><strong>acetum3</strong></span> <span class='ocrx_word' id='word_1_52' title='bbox 869 717 1076 756; x_wconf 87' lang='lat' dir='ltr'><strong>cavendum</strong></span> <span class='ocrx_word' id='word_1_53' title='bbox 1107 726 1232 758; x_wconf 89' lang='lat' dir='ltr'><strong>autem</strong></span> <span class='ocrx_word' id='word_1_54' title='bbox 1246 748 1263 769; x_wconf 85' lang='lat'><strong>,</strong></span> 
     </span>
     <span class='ocr_line' id='line_1_9' title="bbox 143 784 1266 837; baseline 0.002 -10"><span class='ocrx_word' id='word_1_55' title='bbox 143 799 194 827; x_wconf 90' lang='lat' dir='ltr'><strong>ne</strong></span> <span class='ocrx_word' id='word_1_56' title='bbox 240 788 356 827; x_wconf 86' lang='lat' dir='ltr'><strong>massa</strong></span> <span class='ocrx_word' id='word_1_57' title='bbox 403 794 666 835; x_wconf 89' lang='lat' dir='ltr'><strong>cor-rumpatur</strong></span> <span class='ocrx_word' id='word_1_58' title='bbox 683 813 697 835; x_wconf 84' lang='lat'><strong>,</strong></span> <span class='ocrx_word' id='word_1_59' title='bbox 745 785 851 834; x_wconf 77' lang='lat' dir='ltr'><strong>¹quod</strong></span> <span class='ocrx_word' id='word_1_60' title='bbox 884 784 995 826; x_wconf 87' lang='lat' dir='ltr'><strong>facile</strong></span> <span class='ocrx_word' id='word_1_61' title='bbox 1023 799 1266 837; x_wconf 58' lang='lat' dir='ltr'><strong>praecaveatu-</strong></span> 
     </span>
     <span class='ocr_line' id='line_1_10' title="bbox 146 855 910 909; baseline -0.001 -11"><span class='ocrx_word' id='word_1_62' title='bbox 146 857 372 909; x_wconf 86' lang='lat' dir='ltr'><strong>tempestive</strong></span> <span class='ocrx_word' id='word_1_63' title='bbox 398 866 544 896; x_wconf 87' lang='lat' dir='ltr'><strong>acetum</strong></span> <span class='ocrx_word' id='word_1_64' title='bbox 567 856 821 905; x_wconf 87' lang='lat' dir='ltr'><strong>depromendo</strong></span> <span class='ocrx_word' id='word_1_65' title='bbox 851 855 910 906; x_wconf 85' lang='lat'><strong>1).</strong></span> 
     </span>
    </p>

    <p class='ocr_par' dir='ltr' id='par_1_3' title="bbox 140 919 1273 1334">
     <span class='ocr_line' id='line_1_11' title="bbox 195 919 1270 976; baseline 0.001 -8"><span class='ocrx_word' id='word_1_66' title='bbox 195 926 415 968; x_wconf 82' lang='lat' dir='ltr'><strong>Doctisfimi</strong></span> <span class='ocrx_word' id='word_1_67' title='bbox 436 926 621 967; x_wconf 90' lang='lat' dir='ltr'><strong>Godde</strong></span> <span class='ocrx_word' id='word_1_68' title='bbox 647 934 684 964; x_wconf 88' lang='lat' dir='ltr'><strong>et</strong></span> <span class='ocrx_word' id='word_1_69' title='bbox 712 919 750 964; x_wconf 95' lang='lat' dir='ltr'>T</span> <span class='ocrx_word' id='word_1_70' title='bbox 765 925 790 964; x_wconf 91' lang='lat' dir='ltr'>h</span> <span class='ocrx_word' id='word_1_71' title='bbox 805 937 932 976; x_wconf 88' lang='lat' dir='ltr'><strong>urry</strong></span> <span class='ocrx_word' id='word_1_72' title='bbox 953 938 1039 967; x_wconf 90' lang='lat' dir='ltr'><strong>cum</strong></span> <span class='ocrx_word' id='word_1_73' title='bbox 1064 929 1138 967; x_wconf 90' lang='lat' dir='ltr'><strong>hoc</strong></span> <span class='ocrx_word' id='word_1_74' title='bbox 1163 937 1270 970; x_wconf 90' lang='lat' dir='ltr'><strong>aceto</strong></span> 
     </span>
     <span class='ocr_line' id='line_1_12' title="bbox 146 995 1273 1045; baseline 0.001 -7"><span class='ocrx_word' id='word_1_75' title='bbox 146 1000 265 1038; x_wconf 88' lang='lat' dir='ltr'><strong>multa</strong></span> <span class='ocrx_word' id='word_1_76' title='bbox 290 996 481 1036; x_wconf 88' lang='lat' dir='ltr'><strong>instituere</strong></span> <span class='ocrx_word' id='word_1_77' title='bbox 504 995 777 1045; x_wconf 84' lang='lat' dir='ltr'><strong>experimenta:</strong></span> <span class='ocrx_word' id='word_1_78' title='bbox 805 996 866 1034; x_wconf 88' lang='lat' dir='ltr'><strong>hic</strong></span> <span class='ocrx_word' id='word_1_79' title='bbox 897 997 995 1035; x_wconf 88' lang='lat' dir='ltr'><strong>enim</strong></span> <span class='ocrx_word' id='word_1_80' title='bbox 1020 998 1164 1038; x_wconf 88' lang='lat' dir='ltr'><strong>invenit</strong></span> <span class='ocrx_word' id='word_1_81' title='bbox 1189 1011 1273 1039; x_wconf 89' lang='lat' dir='ltr'><strong>ace-</strong></span> 
     </span>
     <span class='ocr_line' id='line_1_13' title="bbox 147 1060 1272 1119; baseline -0.001 -9"><span class='ocrx_word' id='word_1_82' title='bbox 147 1079 230 1110; x_wconf 87' lang='lat' dir='ltr'><strong>tum</strong></span> <span class='ocrx_word' id='word_1_83' title='bbox 253 1081 274 1109; x_wconf 95' lang='lat' dir='ltr'><strong>e</strong></span> <span class='ocrx_word' id='word_1_84' title='bbox 295 1068 387 1108; x_wconf 88' lang='lat' dir='ltr'><strong>vino</strong></span> <span class='ocrx_word' id='word_1_85' title='bbox 412 1070 435 1119; x_wconf 61' lang='grc' dir='ltr'>ξ</span> <span class='ocrx_word' id='word_1_86' title='bbox 457 1076 581 1117; x_wconf 89' lang='lat' dir='ltr'><strong>partes</strong></span> <span class='ocrx_word' id='word_1_87' title='bbox 606 1067 694 1115; x_wconf 87' lang='lat' dir='ltr'><strong>plus</strong></span> <span class='ocrx_word' id='word_1_88' title='bbox 719 1060 815 1105; x_wconf 84' lang='lat' dir='ltr'><strong>acidi</strong></span> <span class='ocrx_word' id='word_1_89' title='bbox 838 1066 968 1105; x_wconf 89' lang='lat' dir='ltr'><strong>acetici</strong></span> <span class='ocrx_word' id='word_1_90' title='bbox 993 1079 1103 1116; x_wconf 86' lang='lat' dir='ltr'><strong>quam</strong></span> <span class='ocrx_word' id='word_1_91' title='bbox 1124 1077 1272 1109; x_wconf 87' lang='lat' dir='ltr'><strong>acetum</strong></span> 
     </span>
     <span class='ocr_line' id='line_1_14' title="bbox 149 1137 1271 1191; baseline 0 -11"><span class='ocrx_word' id='word_1_92' title='bbox 149 1152 172 1180; x_wconf 91' lang='lat' dir='ltr'><strong>e</strong></span> <span class='ocrx_word' id='word_1_93' title='bbox 205 1139 312 1179; x_wconf 85' lang='lat' dir='ltr'><strong>malis</strong></span> <span class='ocrx_word' id='word_1_94' title='bbox 337 1138 405 1178; x_wconf 91' lang='lat' dir='ltr'><strong>sub</strong></span> <span class='ocrx_word' id='word_1_95' title='bbox 433 1138 563 1177; x_wconf 87' lang='lat' dir='ltr'><strong>eodem</strong></span> <span class='ocrx_word' id='word_1_96' title='bbox 597 1137 791 1191; x_wconf 85' lang='lat' dir='ltr'><strong>volumine</strong></span> <span class='ocrx_word' id='word_1_97' title='bbox 814 1138 1036 1188; x_wconf 74' lang='lat' dir='ltr'><strong>continere3</strong></span> <span class='ocrx_word' id='word_1_98' title='bbox 1084 1138 1149 1179; x_wconf 85' lang='lat' dir='ltr'><strong>ille</strong></span> <span class='ocrx_word' id='word_1_99' title='bbox 1178 1153 1271 1180; x_wconf 91' lang='lat' dir='ltr'><strong>vero</strong></span> 
     </span>
     <span class='ocr_line' id='line_1_15' title="bbox 147 1207 1271 1260; baseline 0.002 -11"><span class='ocrx_word' id='word_1_100' title='bbox 147 1220 294 1254; x_wconf 84' lang='lat' dir='ltr'><strong>acetum</strong></span> <span class='ocrx_word' id='word_1_101' title='bbox 328 1221 350 1248; x_wconf 91' lang='lat' dir='ltr'><strong>e</strong></span> <span class='ocrx_word' id='word_1_102' title='bbox 374 1208 479 1247; x_wconf 81' lang='lat' dir='ltr'><strong>malis</strong></span> <span class='ocrx_word' id='word_1_103' title='bbox 504 1207 686 1248; x_wconf 87' lang='lat' dir='ltr'><strong>malorum</strong></span> <span class='ocrx_word' id='word_1_104' title='bbox 710 1207 876 1256; x_wconf 88' lang='lat' dir='ltr'><strong>saporem</strong></span> <span class='ocrx_word' id='word_1_105' title='bbox 905 1216 943 1246; x_wconf 91' lang='lat' dir='ltr'><strong>et</strong></span> <span class='ocrx_word' id='word_1_106' title='bbox 964 1208 1120 1251; x_wconf 64' lang='lat' dir='ltr'><strong>&gt;odorem</strong></span> <span class='ocrx_word' id='word_1_107' title='bbox 1143 1219 1271 1260; x_wconf 88' lang='lat' dir='ltr'><strong>aperte</strong></span> 
     </span>
     <span class='ocr_line' id='line_1_16' title="bbox 140 1272 1110 1334; baseline 0.001 -15"><span class='ocrx_word' id='word_1_108' title='bbox 140 1272 362 1319; x_wconf 87' lang='lat' dir='ltr'><strong>ostendere.</strong></span> <span class='ocrx_word' id='word_1_109' title='bbox 1105 1331 1110 1334; x_wconf 26' lang='grc' dir='ltr'>Ι</span> 
     </span>
    </p>

    <p class='ocr_par' dir='ltr' id='par_1_4' title="bbox 149 1346 1277 1536">
     <span class='ocr_line' id='line_1_17' title="bbox 199 1346 1269 1397; baseline 0.003 -10"><span class='ocrx_word' id='word_1_110' title='bbox 199 1348 403 1388; x_wconf 86' lang='lat' dir='ltr'><strong>Nostrates</strong></span> <span class='ocrx_word' id='word_1_111' title='bbox 442 1346 511 1385; x_wconf 89' lang='lat' dir='ltr'><strong>hac</strong></span> <span class='ocrx_word' id='word_1_112' title='bbox 546 1346 641 1385; x_wconf 89' lang='lat' dir='ltr'><strong>aceti</strong></span> <span class='ocrx_word' id='word_1_113' title='bbox 680 1347 854 1385; x_wconf 84' lang='lat' dir='ltr'><strong>varietate</strong></span> <span class='ocrx_word' id='word_1_114' title='bbox 884 1348 1084 1397; x_wconf 83' lang='lat' dir='ltr'><strong>praecipue</strong></span> <span class='ocrx_word' id='word_1_115' title='bbox 1108 1358 1269 1390; x_wconf 89' lang='lat' dir='ltr'><strong>utuntur</strong></span> 
     </span>
     <span class='ocr_line' id='line_1_18' title="bbox 149 1416 1277 1467; baseline 0.004 -10"><span class='ocrx_word' id='word_1_116' title='bbox 149 1419 198 1458; x_wconf 87' lang='lat' dir='ltr'><strong>ad</strong></span> <span class='ocrx_word' id='word_1_117' title='bbox 227 1429 443 1456; x_wconf 88' lang='lat' dir='ltr'><strong>cucumeres</strong></span> <span class='ocrx_word' id='word_1_118' title='bbox 468 1416 726 1456; x_wconf 89' lang='lat' dir='ltr'><strong>conficiendos</strong></span> <span class='ocrx_word' id='word_1_119' title='bbox 753 1426 791 1456; x_wconf 89' lang='lat' dir='ltr'><strong>et</strong></span> <span class='ocrx_word' id='word_1_120' title='bbox 812 1418 1026 1467; x_wconf 85' lang='lat' dir='ltr'><strong>crythmum</strong></span> <span class='ocrx_word' id='word_1_121' title='bbox 1052 1420 1277 1462; x_wconf 88' lang='lat' dir='ltr'><strong>maritimum</strong></span> 
     </span>
     <span class='ocr_line' id='line_1_19' title="bbox 150 1486 831 1536; baseline 0.001 -10"><span class='ocrx_word' id='word_1_122' title='bbox 150 1488 192 1528; x_wconf 89' lang='lat' dir='ltr'><strong>in</strong></span> <span class='ocrx_word' id='word_1_123' title='bbox 217 1487 379 1527; x_wconf 87' lang='lat' dir='ltr'><strong>Galliam</strong></span> <span class='ocrx_word' id='word_1_124' title='bbox 407 1486 737 1526; x_wconf 88' lang='lat' dir='ltr'><strong>transmittendum</strong></span> <span class='ocrx_word' id='word_1_125' title='bbox 767 1487 831 1536; x_wconf 83' lang='lat'><strong>2).</strong></span> 
     </span>
    </p>

    <p class='ocr_par' dir='ltr' id='par_1_5' title="bbox 147 1555 1276 1962">
     <span class='ocr_line' id='line_1_20' title="bbox 202 1555 1272 1602; baseline 0.005 -5"><span class='ocrx_word' id='word_1_126' title='bbox 202 1557 266 1598; x_wconf 88' lang='lat' dir='ltr'><strong>Ab</strong></span> <span class='ocrx_word' id='word_1_127' title='bbox 301 1565 407 1597; x_wconf 88' lang='lat' dir='ltr'><strong>aceto</strong></span> <span class='ocrx_word' id='word_1_128' title='bbox 441 1567 462 1595; x_wconf 89' lang='lat' dir='ltr'><strong>e</strong></span> <span class='ocrx_word' id='word_1_129' title='bbox 494 1555 602 1595; x_wconf 89' lang='lat' dir='ltr'><strong>malis</strong></span> <span class='ocrx_word' id='word_1_130' title='bbox 645 1567 724 1594; x_wconf 91' lang='lat' dir='ltr'><strong>non</strong></span> <span class='ocrx_word' id='word_1_131' title='bbox 765 1559 926 1596; x_wconf 89' lang='lat' dir='ltr'><strong>multum</strong></span> <span class='ocrx_word' id='word_1_132' title='bbox 965 1557 1089 1598; x_wconf 87' lang='lat' dir='ltr'><strong>differt</strong></span> <span class='ocrx_word' id='word_1_133' title='bbox 1125 1568 1272 1602; x_wconf 87' lang='lat' dir='ltr'><strong>acetum</strong></span> 
     </span>
     <span class='ocr_line' id='line_1_21' title="bbox 152 1624 1276 1679; baseline 0.003 -12"><span class='ocrx_word' id='word_1_134' title='bbox 152 1640 174 1667; x_wconf 91' lang='lat' dir='ltr'><strong>e</strong></span> <span class='ocrx_word' id='word_1_135' title='bbox 199 1626 331 1677; x_wconf 84' lang='lat' dir='ltr'><strong>pyris,</strong></span> <span class='ocrx_word' id='word_1_136' title='bbox 368 1624 437 1665; x_wconf 88' lang='lat' dir='ltr'><strong>nifi</strong></span> <span class='ocrx_word' id='word_1_137' title='bbox 470 1625 594 1664; x_wconf 87' lang='lat' dir='ltr'><strong>forsan</strong></span> <span class='ocrx_word' id='word_1_138' title='bbox 620 1626 660 1663; x_wconf 90' lang='lat' dir='ltr'><strong>in</strong></span> <span class='ocrx_word' id='word_1_139' title='bbox 684 1637 730 1664; x_wconf 88' lang='lat' dir='ltr'><strong>eo</strong></span> <span class='ocrx_word' id='word_1_140' title='bbox 746 1653 760 1674; x_wconf 84' lang='lat'><strong>,</strong></span> <span class='ocrx_word' id='word_1_141' title='bbox 788 1628 894 1674; x_wconf 89' lang='lat' dir='ltr'><strong>quod</strong></span> <span class='ocrx_word' id='word_1_142' title='bbox 918 1629 1030 1677; x_wconf 87' lang='lat' dir='ltr'><strong>paulo</strong></span> <span class='ocrx_word' id='word_1_143' title='bbox 1055 1630 1174 1679; x_wconf 84' lang='lat' dir='ltr'><strong>magis</strong></span> <span class='ocrx_word' id='word_1_144' title='bbox 1199 1632 1276 1670; x_wconf 90' lang='lat' dir='ltr'><strong>aci-</strong></span> 
     </span>
     <span class='ocr_line' id='line_1_22' title="bbox 151 1695 1274 1748; baseline 0.001 -12"><span class='ocrx_word' id='word_1_145' title='bbox 151 1697 243 1736; x_wconf 83' lang='lat' dir='ltr'><strong>dum</strong></span> <span class='ocrx_word' id='word_1_146' title='bbox 267 1696 334 1736; x_wconf 86' lang='lat' dir='ltr'><strong>sit.</strong></span> <span class='ocrx_word' id='word_1_147' title='bbox 384 1695 448 1735; x_wconf 90' lang='lat' dir='ltr'><strong>Ad</strong></span> <span class='ocrx_word' id='word_1_148' title='bbox 477 1695 572 1734; x_wconf 89' lang='lat' dir='ltr'><strong>illud</strong></span> <span class='ocrx_word' id='word_1_149' title='bbox 594 1707 684 1735; x_wconf 91' lang='lat' dir='ltr'><strong>vero</strong></span> <span class='ocrx_word' id='word_1_150' title='bbox 709 1697 983 1736; x_wconf 87' lang='lat' dir='ltr'><strong>conficiendum</strong></span> <span class='ocrx_word' id='word_1_151' title='bbox 1006 1699 1170 1748; x_wconf 89' lang='lat' dir='ltr'><strong>primum</strong></span> <span class='ocrx_word' id='word_1_152' title='bbox 1194 1704 1274 1742; x_wconf 85' lang='lat' dir='ltr'><strong>col.</strong></span> 
     </span>
     <span class='ocr_line' id='line_1_23' title="bbox 147 1765 1275 1818; baseline 0.005 -12"><span class='ocrx_word' id='word_1_153' title='bbox 147 1767 320 1817; x_wconf 88' lang='lat' dir='ltr'><strong>liguntur</strong></span> <span class='ocrx_word' id='word_1_154' title='bbox 348 1778 441 1816; x_wconf 87' lang='lat' dir='ltr'><strong>pyra</strong></span> <span class='ocrx_word' id='word_1_155' title='bbox 461 1765 626 1815; x_wconf 81' lang='lat' dir='ltr'><strong>caduca,</strong></span> <span class='ocrx_word' id='word_1_156' title='bbox 663 1768 978 1818; x_wconf 85' lang='lat' dir='ltr'><strong>contunduntur,</strong></span> <span class='ocrx_word' id='word_1_157' title='bbox 1005 1771 1105 1810; x_wconf 89' lang='lat' dir='ltr'><strong>cadis</strong></span> <span class='ocrx_word' id='word_1_158' title='bbox 1133 1771 1275 1813; x_wconf 87' lang='lat' dir='ltr'><strong>immit-</strong></span> 
     </span>
     <span class='ocr_line' id='line_1_24' title="bbox 151 1835 1272 1890; baseline 0.008 -14"><span class='ocrx_word' id='word_1_159' title='bbox 151 1844 311 1885; x_wconf 87' lang='lat' dir='ltr'><strong>tuntur,</strong></span> <span class='ocrx_word' id='word_1_160' title='bbox 333 1848 431 1885; x_wconf 87' lang='lat' dir='ltr'><strong>aqua</strong></span> <span class='ocrx_word' id='word_1_161' title='bbox 454 1835 659 1877; x_wconf 88' lang='lat' dir='ltr'><strong>miscentur</strong></span> <span class='ocrx_word' id='word_1_162' title='bbox 683 1846 721 1876; x_wconf 88' lang='lat' dir='ltr'><strong>et</strong></span> <span class='ocrx_word' id='word_1_163' title='bbox 738 1839 855 1878; x_wconf 86' lang='lat' dir='ltr'><strong>calori</strong></span> <span class='ocrx_word' id='word_1_164' title='bbox 875 1839 983 1878; x_wconf 80' lang='lat' dir='ltr'><strong>solari</strong></span> <span class='ocrx_word' id='word_1_165' title='bbox 1012 1852 1272 1890; x_wconf 89' lang='lat' dir='ltr'><strong>exponuntur.</strong></span> 
     </span>
     <span class='ocr_line' id='line_1_25' title="bbox 153 1905 1275 1962; baseline 0.008 -15"><span class='ocrx_word' id='word_1_166' title='bbox 153 1906 217 1948; x_wconf 84' lang='lat' dir='ltr'><strong>Ad</strong></span> <span class='ocrx_word' id='word_1_167' title='bbox 243 1905 564 1947; x_wconf 87' lang='lat' dir='ltr'><strong>fermentationem</strong></span> <span class='ocrx_word' id='word_1_168' title='bbox 595 1909 871 1948; x_wconf 80' lang='lat' dir='ltr'><strong>accelerandum</strong></span> <span class='ocrx_word' id='word_1_169' title='bbox 905 1908 991 1950; x_wconf 79' lang='lat' dir='ltr'><strong>faex</strong></span> <span class='ocrx_word' id='word_1_170' title='bbox 1014 1910 1101 1962; x_wconf 89' lang='lat' dir='ltr'><strong>dein</strong></span> <span class='ocrx_word' id='word_1_171' title='bbox 1123 1914 1275 1955; x_wconf 86' lang='lat' dir='ltr'><strong>additur</strong></span> 
     </span>
    </p>
   </div>
   <div class='ocr_carea' id='block_1_3' title="bbox 1228 1986 1277 2026">
    <p class='ocr_par' dir='ltr' id='par_1_6' title="bbox 1228 1986 1277 2026">
     <span class='ocr_line' id='line_1_26' title="bbox 1228 1986 1277 2026; baseline 0 -8"><span class='ocrx_word' id='word_1_172' title='bbox 1228 1986 1277 2026; x_wconf 80' lang='lat' dir='ltr'><strong>fi.</strong></span> 
     </span>
    </p>
   </div>
   <div class='ocr_carea' id='block_1_4' title="bbox 150 2085 1269 2184">
    <p class='ocr_par' dir='ltr' id='par_1_7' title="bbox 150 2085 1269 2184">
     <span class='ocr_line' id='line_1_27' title="bbox 192 2085 1269 2131; baseline 0.011 -16"><span class='ocrx_word' id='word_1_173' title='bbox 192 2085 226 2123; x_wconf 83' lang='lat'><strong>1)</strong></span> <span class='ocrx_word' id='word_1_174' title='bbox 246 2087 289 2118; x_wconf 76' lang='lat' dir='ltr'><strong>A.</strong></span> <span class='ocrx_word' id='word_1_175' title='bbox 310 2087 352 2118; x_wconf 81' lang='lat' dir='ltr'><strong>A.</strong></span> <span class='ocrx_word' id='word_1_176' title='bbox 374 2088 643 2127; x_wconf 81' lang='lat' dir='ltr'><strong>Parmentier,</strong></span> <span class='ocrx_word' id='word_1_177' title='bbox 661 2098 752 2122; x_wconf 88' lang='lat' dir='ltr'><strong>cours</strong></span> <span class='ocrx_word' id='word_1_178' title='bbox 777 2093 915 2128; x_wconf 81' lang='lat' dir='ltr'><strong>complet</strong></span> <span class='ocrx_word' id='word_1_179' title='bbox 936 2093 1164 2131; x_wconf 77' lang='lat' dir='ltr'><strong>d’Agriculture</strong></span> <span class='ocrx_word' id='word_1_180' title='bbox 1187 2097 1269 2128; x_wconf 79' lang='lat' dir='ltr'><strong>redi-</strong></span> 
     </span>
     <span class='ocr_line' id='line_1_28' title="bbox 150 2144 809 2184; baseline 0.011 -11"><span class='ocrx_word' id='word_1_181' title='bbox 150 2144 188 2180; x_wconf 66' lang='lat' dir='ltr'><strong>ge</strong></span> <span class='ocrx_word' id='word_1_182' title='bbox 216 2152 271 2180; x_wconf 84' lang='lat' dir='ltr'><strong>par</strong></span> <span class='ocrx_word' id='word_1_183' title='bbox 291 2144 465 2182; x_wconf 84' lang='lat' dir='ltr'><strong>Rozier‚</strong></span> <span class='ocrx_word' id='word_1_184' title='bbox 487 2146 578 2178; x_wconf 84' lang='lat' dir='ltr'><strong>Tom.</strong></span> <span class='ocrx_word' id='word_1_185' title='bbox 598 2148 634 2178; x_wconf 89' lang='lat' dir='ltr'><strong>X.</strong></span> <span class='ocrx_word' id='word_1_186' title='bbox 653 2157 722 2184; x_wconf 80' lang='lat' dir='ltr'><strong>pag.</strong></span> <span class='ocrx_word' id='word_1_187' title='bbox 740 2153 809 2182; x_wconf 77' lang='lat'><strong>360.</strong></span> 
     </span>
    </p>
   </div>
   <div class='ocr_carea' id='block_1_5' title="bbox 158 2200 1266 2299">
    <p class='ocr_par' dir='ltr' id='par_1_8' title="bbox 158 2200 1266 2299">
     <span class='ocr_line' id='line_1_29' title="bbox 185 2200 1266 2243; baseline 0.012 -14"><span class='ocrx_word' id='word_1_188' title='bbox 185 2200 222 2237; x_wconf 77' lang='lat'><strong>2)</strong></span> <span class='ocrx_word' id='word_1_189' title='bbox 241 2201 283 2231; x_wconf 87' lang='grc' dir='ltr'><strong>Α.</strong></span> <span class='ocrx_word' id='word_1_190' title='bbox 310 2202 352 2231; x_wconf 83' lang='grc' dir='ltr'><strong>Δ.</strong></span> <span class='ocrx_word' id='word_1_191' title='bbox 378 2203 654 2243; x_wconf 73' lang='lat' dir='ltr'><strong>Pax-mentiar,</strong></span> <span class='ocrx_word' id='word_1_192' title='bbox 685 2207 783 2239; x_wconf 84' lang='lat' dir='ltr'><strong>Kunst</strong></span> <span class='ocrx_word' id='word_1_193' title='bbox 807 2208 862 2238; x_wconf 82' lang='lat' dir='ltr'><strong>der</strong></span> <span class='ocrx_word' id='word_1_194' title='bbox 891 2209 1266 2243; x_wconf 77' lang='lat' dir='ltr'><strong>Btanntwein-brennens</strong></span> 
     </span>
     <span class='ocr_line' id='line_1_30' title="bbox 158 2262 428 2299; baseline 0.007 -9"><span class='ocrx_word' id='word_1_195' title='bbox 158 2266 244 2298; x_wconf 63' lang='lat' dir='ltr'><strong>etc„</strong></span> <span class='ocrx_word' id='word_1_196' title='bbox 263 2267 332 2297; x_wconf 70' lang='lat' dir='ltr'><strong>pag.</strong></span> <span class='ocrx_word' id='word_1_197' title='bbox 361 2262 428 2299; x_wconf 84' lang='lat'>164.</span> 
     </span>
    </p>
   </div>
  </div>
 </body>
</html>
