1483 2860
0 2007 6 2042 ὲ

0 2048 2 2071 ι

0 2130 3 2195 ἴ

0 2207 5 2242 i

332 239 934 286 THEOLOGICA.
1153 258 1201 297 37

78 351 183 394 suasu
195 352 371 392 Michaeli
384 352 567 392 Stratioto
576 351 651 391 seni
662 352 834 392 societate
848 353 884 392 se
895 352 1018 403 junxit
1034 353 1197 404 (1059).

79 423 220 476 utssub
254 424 368 472 huJ'us
389 423 542 461 nomine
569 422 765 472 imperium
787 424 1087 472 administraret3
1116 424 1197 463 Mi-

75 493 214 532 chaelis
248 501 378 532 contra
394 521 408 541 ,
435 492 511 541 ipse
537 493 750 532 dominandi
776 493 897 533 studio
925 495 1086 541 ductus,
1122 505 1192 542 pro

73 562 200 602 lubitu
237 572 273 601 et
299 562 451 601 arbitrio
478 563 602 601 omnia
623 562 835 611 ordinavit,
877 562 1038 602 senatum
1070 563 1192 601 hono·

70 632 199 681 rffice,
234 633 379 682 plebem
405 635 629 681 clementer,
663 633 800 671 milites
826 645 917 672 vero
941 634 1046 684 justo
1079 640 1190 681 aspe-

67 702 148 741 rius
181 711 341 742 tractans
357 731 371 751 ,
400 702 534 742 horum
561 703 601 741 in
627 703 754 742 odium
781 703 939 750 incidit,
966 703 1032 751 qui
1056 704 1187 743 ducem

67 770 203 820 suum,
229 772 389 812 Isaacum
424 773 690 821 Comnenum,
728 773 992 823 Imperatorem
1018 781 1190 812 crearunt

67 843 230 892 (1057).
283 843 355 881 Hic
390 841 543 892 insignis
577 842 769 892 dynastiae
793 852 951 892 auctor,
987 843 1188 882 admodum

67 912 115 950 ad
141 911 330 951 avaritiam
359 924 526 962 pronus,
553 912 687 951 fiscum
713 911 950 952 dissolutiore
971 913 1190 953 liberalitate

67 988 106 1018 et
137 981 333 1020 coenobiis
373 980 601 1021 exstruendis
650 983 914 1033 donandisque
963 985 1185 1023 exhaustum

67 1051 254 1099 reddiditg,
280 1052 419 1101 majora
451 1052 720 1104 praestitisset,
750 1053 826 1091 nisi
859 1053 985 1093 omnia
1016 1065 1094 1093 uno
1119 1053 1191 1092 im-

67 1128 159 1169 petu
191 1119 334 1158 efficere
366 1120 562 1161 voluisset.
617 1123 731 1162 Anno
754 1125 828 1173 jam
864 1135 988 1174 1059,
1029 1125 1190 1172 dignita·

66 1197 142 1228 tem
176 1189 362 1229 abdicavit
388 1199 425 1228 et
457 1191 604 1240 imperii
633 1193 794 1231 habenas
825 1193 1072 1233 Constantino
1105 1195 1187 1233 Du-

64 1270 131 1299 cae
155 1260 376 1317 commisit,
404 1261 498 1309 qui,
527 1261 670 1300 alienus
703 1274 724 1301 a
749 1263 878 1311 bello,
905 1263 1051 1302 Turcas
1067 1292 1081 1312 ,
1107 1274 1188 1303 non

64 1330 225 1370 militum
254 1342 350 1380 ope,
376 1330 439 1369 sed
463 1332 645 1381 pecuniae
673 1332 712 1372 vi
743 1335 923 1373 arcendos
946 1333 1024 1372 esse
1048 1334 1185 1384 duxit;

61 1413 193 1441 verum
228 1400 327 1440 enim
361 1413 482 1450 vero,
522 1411 566 1441 ut
596 1402 670 1441 alio
707 1404 820 1443 modo
851 1404 1038 1443 sumtibus
1059 1416 1189 1453 parce·

61 1480 145 1520 ret,
190 1472 327 1510 milites
363 1473 536 1521 demisit,
576 1482 690 1522 atque
721 1473 772 1512 ita
797 1474 938 1513 futuris
974 1475 1188 1514 Turcarum

59 1543 135 1593 jam
173 1542 450 1581 adventantium
493 1543 752 1592 progresfibus
792 1544 939 1595 egregie
976 1544 1086 1584 favit.
1133 1568 1187 1578 —

63 1611 259 1651 Eudoxiae
296 1612 409 1650 uxori
444 1623 486 1650 ac
519 1611 642 1650 tribus
678 1611 940 1660 impuberibus
973 1613 1061 1653 filiis
1090 1613 1188 1662 (x),

61 1680 257 1730 imperium
293 1680 446 1729 reliquit
470 1681 649 1730 (1067);
690 1693 775 1719 cum
803 1683 893 1718 haec
935 1681 971 1718 se
1011 1681 1188 1721 hostibus

59 1751 205 1799 ubique
256 1749 539 1788 imminentibus
582 1749 760 1797 imparem
797 1749 969 1796 videret,
1022 1749 1114 1789 forti
1144 1763 1187 1791 ac

59 1820 238 1862 bellicoso
276 1821 385 1869 viro,
423 1819 599 1858 Romano
625 1819 815 1867 Diogeni,
852 1819 979 1868 nupfit
1013 1821 1189 1871 (1068),

59 1893 126 1947 qui
148 1903 235 1932 cum
258 1891 468 1931 Turcarum
495 1890 655 1929 Sultano
685 1890 869 1929 continuo
895 1891 1066 1930 conflixit
1088 1893 1185 1942 (2);

43 1961 258 2002 'infeliciter
277 1972 368 1999 vero
393 1959 574 1998 dimicans
590 1988 604 2008 ,
623 1959 699 2009 ipse
721 1962 937 1999 vulneratus
957 1970 993 2000 et
1011 1974 1032 2001 a
1047 1962 1190 2003 Turcis

58 2040 192 2082 captus
226 2039 299 2070 est.
351 2029 454 2069 Huic
480 2031 626 2069 tandem
653 2029 827 2070 successit
850 2032 1051 2072 Michaelis
1079 2034 1186 2075 V111.

1121 2118 1188 2155 qui

95 2204 151 2244 (ι)
170 2205 264 2235 conf.
286 2207 314 2244 J.
341 2205 542 2243 Zonaras,
563 2206 640 2243 Cap.
665 2215 697 2244 9.

96 2261 152 2298 (α)
169 2262 283 2292 Ideml.
294 2263 316 2292 1.
336 2263 412 2298 cap.
435 2270 493 2300 9et
505 2271 561 2298 ως
583 2263 614 2292 in
631 2271 764 2300 corpore
773 2264 939 2293 Historiae
953 2263 1175 2302 Byzantium,

63 2326 80 2349 ι
95 2317 205 2347 Bler.
228 2318 401 2357 wanlo,
419 2319 584 2357 consecto,
606 2321 700 2351 Tom.
725 2321 783 2350 111.
808 2328 879 2357 pag.
899 2326 967 2357 ¹7⁵·
