1483 2860
399 269 914 310 LITERARIA.
1143 282 1218 322 ης

102 379 218 419 literis
258 380 294 418 A
312 391 367 418 us
384 378 542 418 triaci
574 378 843 417 simulationem
872 379 1021 427 edocti,
1049 379 1214 421 omnium

103 450 216 488 animi
251 449 296 488 ab
330 461 373 487 eo
401 449 514 495 aversi
549 448 632 486 sunt
669 457 782 497 atque
815 449 1096 498 circumspicere
1133 461 1217 489 coe·

106 528 265 570 perum,
305 530 460 567 quanam
486 507 627 557 ra'tione
661 518 696 557 se
731 528 862 557 contra
904 531 988 558 eum
1021 528 1217 559 armarent.

106 589 248 627 Interea
292 588 591 626 Gulielmus
632 589 867 627 Hollandiam
909 598 946 628 et
986 589 1220 630 Zeel'andiam

110 669 188 696 non
221 665 368 696 tantum
395 656 579 704 munivit,
606 656 666 695 sed
692 658 926 697 Brabantiam
954 671 1108 707 quoque
1129 660 1224 699 Au-

108 727 312 766 striaco
347 738 535 775 opponere
568 728 722 766 molitus
758 737 829 768 est.
895 730 1025 778 Itaque
1069 730 1223 768 Bredam

111 797 389 835 munitisfimam
437 797 596 845 urbem,
639 809 749 846 quam
791 800 988 847 nondum,
1043 799 1099 838 uti
1132 809 1225 849 pace

113 867 344 906 Gandavenfi
372 867 612 906 constitutum
639 877 739 916 erat,
757 867 762 871 ⁴
780 868 1004 908 tradiderant
1036 869 1223 919 Hispani,

112 936 311 976 calliditate
342 937 581 987 expugnavit
598 939 684 988 (1).

638 1071 676 1119 ς.
718 1084 757 1118 4.

172 1222 301 1272 Quum
325 1221 485 1259 Ordines
521 1220 724 1259 Generales
746 1219 884 1259 bellum
909 1221 1110 1262 imminere>
1130 1224 1233 1264 vide-

122 1300 230 1339 rent,
257 1303 356 1329 arma
376 1299 559 1339 'pararunt
597 1300 634 1328 et
673 1291 935 1330 Gulielmi
974 1293 1235 1344 ordinumque

125 1362 345 1401 Hollandiae
379 1371 414 1400 et
449 1361 665 1400 Zeelandiae
697 1362 832 1400 auxilia
865 1363 1110 1411 implorarunt
1147 1365 1235 1413 (2).

127 1433 254 1472 Paullo
292 1440 381 1480 post
429 1431 547 1479 ipsum
590 1431 904 1471 Gulielmum
948 1436 1150 1484 rogarunt‘,
1194 1444 1239 1474 ut

129 1503 321 1542 Bruxellas
348 1501 492 1539 veniret
523 1509 560 1539 et
581 1513 666 1540 cum
696 1501 742 1540 iis
768 1503 813 1540 de
840 1504 978 1552 patriae
1000 1503 1114 1543 salute
1147 1502 1240 1545 cofu-

129 1571 205 1610 filia
244 1571 367 1610 iniret.
420 1571 713 1610 Formidolosum
743 1570 823 1610 sane
849 1573 919 1611 iter
942 1581 979 1611 et
1004 1575 1146 1623 magnis
1167 1575 1240 1615 dif-

131 1640 363 1680 ficultatibus
399 1640 619 1680 obnoxium.
696 1641 837 1681 Verum
882 1642 1143 1684 Gulielmi
1177 1650 1243 1695 pa·

129 1711 219 1750 triae
247 1722 378 1758 amor,
406 1711 470 1759 qui
500 1719 558 1749 tot
580 1715 654 1761 jam
686 1720 860 1761 tantaque
888 1723 999 1752 onera
1036 1716 1245 1755 exantlave-

1191 1794 1247 1825 rat

139 1920 162 1937 „
181 1900 218 1929 de
245 1900 501 1935 onvoorfichtigcr
519 1908 600 1935 was,
622 1900 677 1928 dan
698 1900 735 1928 de
751 1900 882 1936 andere,
903 1901 980 1929 ende
998 1901 1046 1929 dat
1061 1900 1104 1935 hij
1119 1900 1184 1930 niet
1207 1909 1246 1930 en

135 1976 159 1993 „
180 1958 282 1985 konde
307 1957 358 1990 fijn
385 1957 497 1991 vex-gift
520 1957 574 1985 soo
599 1958 704 1991 langen
732 1956 790 1990 tijd
815 1957 944 1993 bergen,
971 1959 1050 1986 noch
1074 1958 1167 1992 fijnen
1190 1960 1253 1988 last

136 2033 160 2050 „
180 2014 295 2041 sect-eet
312 2014 433 2041 houden
451 2014 514 2042 ofte
532 2014 684 2048 veynsen,
705 2014 826 2042 daartoe
848 2013 920 2047 fijne
937 2015 1054 2043 handen
1072 2015 1247 2050 glinsteren·

135 2089 162 2106 ,‚
177 2071 217 2098 vde
237 2071 313 2098 ende
330 2071 499 2098 brandende
517 2079 574 2098 van
595 2071 737 2105 begeerte
754 2079 803 2099 om
821 2072 945 2100 deselve
969 2071 999 2100 in
1020 2072 1114 2101 onsen
1135 2073 1246 2102 bloede

137 2146 162 2163 „
181 2134 211 2156 te
233 2128 348 2162 baden,
368 2127 432 2155 niet
447 2134 484 2155 en
502 2127 610 2155 wisten
628 2134 657 2156 te
677 2127 858 2162 bedwingen
875 2129 954 2156 noch
969 2127 992 2156 ’t
1007 2128 1220 2162 onthouden.”

177 2185 231 2222 (ι)
251 2184 321 2213 Vid.
347 2185 447 2218 Bor,
467 2185 526 2218 Op.
545 2185 566 2213 1.
594 2184 676 2213 Libr.
703 2185 756 2213 XI.
777 2184 835 2213 fol.
864 2193 932 2222 274.
959 2185 1002 2221 sq.
1026 2199 1073 2210 -—-
1101 2186 1246 2223 Hooft,

144 2240 205 2275 op.
232 2243 254 2269 Ι.
285 2248 351 2275 pag.
374 2248 441 2276 ⁵29-
461 2252 509 2262 —
531 2241 631 2270 Leven
649 2248 707 2270 cet.
724 2241 778 2270 111.
799 2249 865 2278 pag.
888 2244 937 2272 8-1.
957 2242 1004 2281 sq.>
1029 2275 1031 2277 ,

178 2296 232 2332 (2)
252 2297 324 2325 Vid.
351 2298 447 2333 Bor,
471 2298 528 2333 Op.
551 2298 575 2326 1·
605 2297 688 2327 Libr.
720 2298 772 2328 XI.
793 2299 851 2327 fol.
868 2302 935 2335 284.
968 2299 1014 2335 sq.
1033 2313 1082 2328 —
1100 2301 1248 2337 blo-oft,

143 2351 204 2387 op.
218 2353 241 2380 1.
259 2360 325 2387 pag.
345 2360 407 2387 sn.
430 2354 746 2385 —-Lev0u,ce1.111.
763 2363 830 2392 pag,
859 2364 909 2393 95.
929 2356 995 2397 sqq9
