1560 2860
317 275 348 320 6
675 269 1056 316 ORATIO.

313 407 442 471 cipuli
476 417 673 469 acceptos
715 409 897 453 referunt
928 405 1113 452 utilitatis
1137 406 1229 450 illos
1255 406 1414 449 fructus

313 501 489 540 omnes,
531 500 637 544 quos
675 485 908 530 uberrimos
947 499 996 529 ex
1033 484 1416 527 extraordinariis

317 562 474 607 Vestris
509 562 664 607 scholis
699 561 918 621 percipere
951 562 1098 605 solent.
1158 559 1244 604 Sed
1270 559 1416 603 eadem

315 637 637 683 Academiarum
669 637 916 697 temperatio
957 651 1042 681 non
1072 635 1239 681 Civibus
1257 642 1419 679 tantum

312 715 471 759 nostris
501 715 700 774 prodest3
731 729 874 760 verum
909 713 1011 757 mihi
1035 727 1202 771 quoque
1225 710 1419 765 doctori,

314 790 351 834 si
390 790 444 834 de
476 806 545 835 me
586 791 707 836 fateri
741 791 856 845 licet,
899 790 1115 836 utilissima
1159 789 1236 834 fuit
1275 796 1419 845 estque

312 880 409 911 cum
443 867 633 912 maxime.
696 867 801 911 Cum
841 867 950 912 enim
989 867 1091 910 mihi
1124 865 1418 911 demandatam

310 956 526 987 cernerem
570 946 867 999 Theologiaffi
911 957 1018 999 quae
1060 942 1173 1000 apud
1209 948 1417 985 nostrates

312 1020 560 1062 Naturalis
594 1018 770 1071 dicitur,
803 1016 878 1076 (3)
911 1017 1126 1061 docendae
1156 1016 1418 1075 provinciam

313 1095 599 1152 gravissimam
614 1112 625 1151 3
656 1094 725 1138 illa
749 1093 1010 1153 potissimum
1037 1092 1137 1146 fuit,
1169 1108 1294 1150 quam
1323 1107 1417 1137 me-

310 1170 496 1225 moravi,
537 1172 603 1215 lex
639 1171 936 1224 saluberrima,
986 1172 1103 1227 cujus
1134 1169 1418 1214 admonitione

308 1247 534 1301 excitatus,
566 1247 621 1290 ad
645 1247 768 1305 hujus
790 1247 1005 1291 doctrinae
1034 1246 1260 1309 Historiam
1283 1260 1417 1305 pecu-

310 1323 482 1367 liaribus
510 1322 664 1367 scholis
690 1323 950 1367 tractandam
977 1323 1222 1368 adducerer.
1285 1322 1416 1380 Quod

311 1398 530 1442 consilium
575 1406 714 1443 utrum
754 1399 1074 1458 exoptatissimis
1109 1399 1212 1444 meis
1239 1400 1417 1458 profue-

307 1474 364 1517 rit
393 1474 778 1530 Commilitonibus‚
811 1490 954 1520 eorum
980 1477 1177 1533 judicium
1204 1484 1291 1520 esto
1306 1477 1415 1532 5ιηί-

307 1550 353 1593 hi
377 1558 487 1594 certe
510 1551 616 1610 ipsi,
646 1566 727 1610 pro
752 1552 906 1609 ingenii
933 1553 1100 1608 quidem
1133 1553 1214 1596 mei
1251 1553 1416 1596 medio-

307 1626 453 1671 critate
469 1658 481 1680 ,
499 1627 722 1686 plurimum
748 1628 942 1686 profecit.
987 1628 1113 1685 Quod
1130 1643 1196 1672 me
1206 1628 1416 1687 profiten-

307 1710 391 1746 tem
411 1718 464 1747 ne
487 1703 579 1759 quis
605 1704 797 1756 miretur,
813 1703 1065 1762 permittatis
1080 1704 1183 1747 mihi
1200 1737 1212 1757 ,
1230 1719 1385 1761 quaeso
1402 1708 1411 1748 !

307 1786 353 1822 ut
404 1793 539 1838 pauca
593 1779 724 1824 hacce
767 1780 873 1824 hora
911 1781 1048 1824 dicam
1096 1781 1147 1824 de
1191 1784 1413 1825 Historia

279 1892 283 1897 .
305 1856 632 1911 Philosophiae
658 1860 712 1899 de
728 1859 850 1910 Deo,
873 1860 1127 1913 sapientiae
1152 1859 1411 1914 Magistra,

304 1931 442 1988 Quam
469 1945 654 1976 caussam
690 1947 777 1977 non
807 1933 962 1977 iccirco
990 1933 1252 1992 potissimum
1280 1948 1413 1992 agen-

304 2006 401 2059 dam
426 2007 630 2065 suscipio,
659 2016 706 2052 ut
730 2009 1022 2053 existimationi
1044 2011 1243 2063 Vestrae,
1274 2009 1412 2054 Audi-

302 2085 439 2126 tores!
471 2083 652 2127 studium
681 2086 991 2140 commendem,
1025 2087 1140 2144 quod
1167 2088 1241 2130 sua
1271 2100 1317 2130 se
1339 2101 1412 2130 sa·-

302 2157 356 2201 tis
385 2159 637 2217 praestantia
664 2167 802 2206 tuetur
819 2181 830 2218 3
863 2170 933 2206 aut
960 2171 1008 2207 ut
1039 2163 1200 2207 Vestris
1239 2163 1284 2223 in
1315 2163 1413 2206 ani·-

300 2233 405 2285 mis,
437 2233 775 2281 Commilitones!
807 2239 1111 2297 pulcherrimae
1136 2240 1196 2284 rei
1221 2254 1409 2285 amorem

297 2307 495 2353 excitem:
533 2324 630 2356 nam
656 2312 700 2356 id
736 2329 863 2359 unum
890 2317 1160 2362 extimescere
1196 2318 1335 2372 soleo,
1365 2323 1412 2360 ut

1310 2400 1411 2437 tan-
