1560 2860
367 296 423 348 31.
734 297 775 343 0
807 297 912 342 RaA
934 283 981 340 T
1004 282 1030 338 '1
1065 293 1119 339 o.

367 446 507 485 torum
547 438 805 483 Graecorum
844 423 1016 493 ingeniis
1046 432 1162 478 valde
1189 449 1233 478 se
1255 435 1474 477 'commen-

370 516 554 570 dabant,
584 510 883 558 internecinam
912 510 1096 569 religioni
1125 510 1285 553 cladem
1313 500 1474 552 illatura

371 599 522 636 essent.
584 591 672 634 Nec
712 589 820 633 enim
856 587 1054 646 ignoiatis
1078 618 1088 638 ,
1135 601 1260 643 quam
1297 583 1477 644 turpiter

370 666 439 710 ille
474 678 595 708 curae
636 661 1032 723 gubernatio'nique,
1064 663 1146 719 qua
1171 660 1328 705 mundo
1354 657 1478 727 Divi*-

372 740 499 783 nitus
521 740 805 798 prospicitur,
846 737 1063 791 irrideret,
1107 745 1147 782 et
1188 751 1312 793 quam
1342 732 1478 778 acutis

372 815 656 873 objectionum
688 814 785 858 ‘telis
821 801 1082 872 gravissimas
1119 819 1279 872 peteret
1301 810 1357 854 vde
1382 810 1478 853 Deo

321 880 323 882 ’
373 889 741 946 doctrinas,'quas
775 876 991 948 professos
1029 904 1118 933 esse
1152 888 1280 932 modo
1314 897 1482 928 memo-

375 972 491 1009 ratos
526 964 786 1009 Triumviros
816 963 1109 1020 comperimus.
1169 964 1323 1007 Verum
1349 957 1481 1026 multo

374 1039 508 1097 majus
551 1039 640 1083 sine
680 1037 808 1081 dubio
856 1035 1145 1081 detrimentum
1177 1052 1232 1081 ex
1263 1033 1358 1079 'istis
1397 1032 1483 1089 ejus

373 1114 546 1160 vocibus
563 1110 970 1170 ac'sophismatibus
992 1113 1169 1172 cepisset
1188 1125 1333 1156 caussa
1355 1121 1484 1153 sanc-v

372 1189 531 1233 tissima
547 1221 558 1241 ‚
587 1186 668 1231 nisi
695 1185 793 1229 huic
816 1186 1027 1242 aequalem
1059 1189 1345 1244 aemulumque
1366 1185 1482 1229 Deus

375 1258 596 1304 excita-sset
637 1262 668 1305 Z
686 1267 831 1305 e’non
847 1275 924 1304 em
942 1293 955 1315 ,
986 1270 1195 1307 strenuum
1229 1248 1343 1306 illum
1369 1261 1483 1305 Pro-

373 1333 580 1381 videntiae
603 1336 807 1380 vindicem
820 1353 831 1392 ;
865 1337 980 1393 cujus
1010 1337 1229 1396 discipuli,
1246 1338 1281 1382 si
1304 1337 1349 1381 in
1372 1335 1485 1380 miil-

376 1407 695 1455 tishallucinati
732 1418 854 1465 sunt,
885 1426 963 1471 per
989 1414 1254 1459 subtilitatem
1296 1413 1486 1472 gravita-

376 1490 569 1542 temque,
597 1489 679 1544 qua
707 1489 947 1548 Epicuri
979 1489 1063 1534 sive
1100 1489 1254 1533 dictata
1283 1503 1355 1533 seu
1391 1487 1488 1530 dic-

377 1560 481 1604 teria
504 1563 768 1618 refutabant,
794 1564 997 1623 plurimos
1024 1565 1288 1610 redemerunt
1322 1563 1486 1608 errores

378 1649 429 1679 ac
484 1642 823 1698 compensarunt.
894 1640 1007 1698 Quid
1051 1641 1190 1696 quod,
1233 1654 1318 1697 quo
1357 1644 1489 1684 ac'c'u-

377 1711 508 1755 ratius
539 1712 711 1769 hujusce
747 1715 915 1758 scholae
946 1730 1013 1759 res
1040 1729 1090 1758 ac
1112 1716 1260 1759 merita
1289 1715 1487 1760 conside-

376 1800 539 1840 ramus,
568 1802 635 1832 eo'
659 1789 808 1832 clarius
833 1789 924 1833 Deo
939 1820 952 1842 ,
970 1789 1095 1846 ‘cujus
1118 1789 1294 1835 Numine
1332 1792 1404 1836 diu
1428 1797 1487 1835 'ea

378 1870 635 1906 conservata
666 1871 754 1918 est,
799 1864 953 1922 gratias
989 1865 1170 1923 agendas
1211 1881 1301 1911 esse
1340 1867 1489 1912 videa*-

377 1939 496 1981 mus!
546 1939 610 1982 Ea
649 1939 756 1983 enim
793 1939 960 1993 schola,
1011 1956 1117 1998 quae
1158 1941 1325 1987 vixdum
1362 1945 1485 1996 nata,

379 2011 641 2071 Epicuro
683 2022 847 2061 strenue
885 2017 1118 2079 restiterat,
1171 2025 1347 2074 postea,
1392 2031 1487 2063 cum

380 2089 520 2132 adulta
549 2093 681 2143 esset,
712 2105 797 2135 non
831 2092 966 2136 minus
1000 2099 1247 2137 constanter·
1275 2094 1330 2137 ab
1367 2093 1488 2153 inge-⁴-

379 2164 509 2209 niosis
533 2166 567 2209 A
583 2180 606 2210 c
619 2182 641 2210 a
655 2165 680 2208 d
694 2180 714 2209 e
727 2166 793 2209 mi
807 2181 829 2210 c
843 2182 868 2211 o
881 2184 937 2212 ru
951 2184 991 2211 m
1028 2169 1358 2216 dubitationibus
1375 2172 1486 2216 Pro-‘-

379 2239 602 2285 videntiam
632 2242 829 2286 defendit.
889 2243 1026 2302 Quin,
1068 2260 1146 2306 per
1181 2247 1349 2292 saniora
1374 2254 1489 2292 'n'on-

378 2316 494 2361 11¹th
507 2347 521 2371 ,
543 2320 659 2376 *qua'e
682 2317 959 2378 profitebatur
991 2329 1031 2366 et
1055 2309 1249 2368 tuebatur
1261 2355 1276 2378 ‚
1303 2323 1486 2384 placita3

382 2405 386 2408 ·
1406 2400 1491 2443 ho·-
