1483 2860
159 218 218 272 50²
385 208 1062 258 COMMENTATIO

160 326 376 369 solvendum
392 352 408 374 ,
457 333 494 363 et
536 324 680 363 acidum
725 319 903 359 aceticum
940 317 1278 369 neutralisandum3

162 398 260 438 actio
296 395 391 436 acidi
420 393 550 434 acetici
589 393 628 430 in
654 390 958 430 subcarbonatem
990 389 1100 428 calcis
1125 389 1202 428 leni
1224 401 1284 428 ca-

165 470 246 507 lore
278 467 508 506 sublevetur.
585 460 749 499 Acidum
776 460 954 498 aceticum
992 471 1078 498 cum
1109 460 1209 498 calce
1245 457 1284 496 se

164 537 386 582 combinat,
435 540 612 571 acetatern
642 529 752 569 calcis
781 529 921 568 format
949 539 1061 578 atque
1095 528 1282 567 evolvitur

162 607 306 646 acidum
337 601 591 641 carbonicum.
643 599 829 638 Absoluta
851 598 1073 637 saturatione
1096 598 1282 646 liquidum

165 687 233 727 per
262 675 417 712 linteum
451 672 595 709 coletur
630 679 668 708 et
708 669 794 708 dein
831 669 877 707 ad
911 682 961 717 40
997 668 1066 706 lib.
1108 678 1287 717 evapore-

169 754 246 784 tur.
302 742 512 781 Residuum
544 741 618 790 jam
650 750 764 788 porro
801 740 921 777 aheno
954 749 1116 786 cupreo,
1156 736 1285 776 stanno

166 813 317 863 anglico
346 813 511 851 obducto
527 838 540 858 ‚
572 807 773 847 immissum
786 837 800 856 ‚
821 808 1020 847 misceatur
1040 818 1126 845 cum
1146 818 1192 845 12
1212 807 1284 846 lib.

168 884 263 925 acidi
299 881 502 930 sulphurici
535 878 791 925 concentrati,
828 886 934 916 antea
959 886 1047 915 octo
1072 876 1143 916 lib.
1169 887 1288 924 aquae

164 954 319 1002 dilutis3
348 963 467 1000 nune,
501 949 680 989 alembico
707 947 909 997 imposito,
938 946 1047 986 etiam
1073 947 1289 995 excipulum

168 1032 407 1075 apponatur,
448 1032 525 1070 quo
561 1019 663 1058 facto
696 1019 742 1058 ad
773 1017 970 1057 ficcitatem
1006 1028 1128 1065 usque
1162 1016 1291 1055 destil-

168 1097 288 1142 letur‚
326 1102 416 1132 tunc
457 1091 496 1128 in
530 1089 702 1138 excipulo
730 1088 963 1127 inveniemus
993 1087 1141 1126 acidum
1179 1087 1293 1126 aceti-

168 1177 254 1204 cum
271 1192 285 1213 ,
323 1174 432 1211 quam
458 1160 615 1199 maxime
640 1170 776 1209 purum
804 1167 840 1196 et
861 1158 969 1197 valde
993 1165 1288 1197 concentrat-um.

168 1236 277 1275 Loco
309 1227 588 1272 subcarbonati's
619 1229 759 1278 calcis,
787 1228 843 1268 uti
871 1240 938 1278 per
964 1226 1000 1267 se
1023 1235 1152 1278 patet,
1179 1226 1290 1267 etiam

167 1304 340 1345 subcarb.
368 1311 455 1353 pot.
482 1300 648 1340 adhiberi
675 1309 817 1349 potest.

221 1375 385 1416 Acidum
423 1371 604 1411 aceticum
638 1371 677 1409 in
721 1371 788 1409 hac
829 1368 1046 1418 operatione
1083 1368 1158 1408 sese
1188 1380 1294 1408 com·

165 1446 291 1497 jungit
323 1454 410 1481 cum
439 1442 565 1488 calce,
592 1439 776 1478 formatur
805 1439 918 1486 igitur
938 1447 1059 1476 acetas
1080 1438 1192 1476 calcis
1212 1448 1293 1477 non

168 1514 337 1555 volatile.
393 1511 433 1551 Si
468 1511 582 1558 igitur
613 1509 771 1547 fluidum
806 1509 852 1547 ad
889 1521 941 1557 40
973 1507 1042 1546 lib.
1070 1516 1295 1557 evaporatur

171 1595 262 1625 tunc
298 1593 393 1632 aqua
423 1580 611 1630 superflua
638 1579 770 1617 secedit
797 1586 833 1616 et
856 1587 977 1616 acetas
1011 1577 1123 1616 calcis
1156 1578 1196 1616 in
1226 1579 1298 1616 mi-

169 1656 294 1703 nima,
324 1664 397 1702 qua
424 1659 582 1702 potest,
611 1661 730 1698 aquae
763 1648 969 1696 quantitate
1004 1646 1149 1687 solutus
1181 1659 1297 1686 rema-

172 1737 262 1774 net;
315 1723 463 1762 acidum
505 1719 763 1769 sulphuricum
809 1718 974 1757 additum
1016 1717 1066 1755 ob
1117 1717 1294 1767 maj0rem

170 1795 381 1834 affinitatem
420 1803 504 1830 cum
550 1791 649 1829 calce
689 1788 761 1827 sese
792 1788 945 1839 jungit,
997 1797 1111 1836 atque
1147 1787 1295 1827 acidum

170 1864 349 1917 aeeticum
379 1864 453 1912 jam
496 1860 679 1907 liberum,
708 1870 792 1897 cum
826 1858 978 1897 minima
1004 1869 1120 1906 aquae
1145 1858 1295 1905 quanti-

172 1943 248 1973 tate
284 1943 471 1982 nuptum,
497 1930 663 1970 instituta
696 1928 976 1977 destillatione,
1002 1927 1042 1966 in
1074 1927 1293 1977 excipulum

177 2003 317 2042 transit.

227 2074 296 2111 His
327 2073 472 2112 duabus
509 2069 794 2121 operationibus
827 2068 946 2117 igitur
969 2079 990 2107 a
1012 2066 1208 2117 principiis
1233 2079 1298 2117 pe-

175 2143 333 2192 regrinis
372 2142 513 2191 optime
541 2140 716 2189 deputari
749 2138 936 2188 possunt,
964 2146 1128 2186 quatuor
1150 2138 1295 2186 priores

174 2213 270 2251 aceti
306 2212 516 2251 varietates.
569 2212 731 2251 Acetum
775 2208 914 2248 scilicet
961 2207 1066 2256 vini,
1103 2206 1297 2249 cerevisiae

177 2283 369 2323 fructuum
405 2291 444 2322 et
476 2289 622 2323 acetum
654 2279 732 2320 vim
757 2279 976 2330 artificiale3
1002 2288 1082 2319 non
1107 2288 1199 2318 vero
1230 2289 1298 2327 ap·

1218 2346 1299 2400 pli-
