1483 2860
304 197 900 239 THEOLooch.
1124 207 1172 249 77

59 307 177 356 'igitur
189 318 208 344 e
223 308 326 345 nullo
339 308 412 346 alio
424 317 522 346 tanta
535 305 675 345 utilitas
692 307 948 345 Hildebrando
963 307 1103 346 oritura
1118 309 1174 346 vi-

65 378 241 424 deretur,
264 377 671 423 Gebehardus‚invitis
696 376 901 423 Romanis,
927 377 1024 425 Papa
1046 377 1174 417 fiebat.

116 446 219 485 Mira
246 446 434 494 sagacitate
460 446 514 484 sui
549 448 628 485 aevi
654 447 770 485 studia
795 447 1020 494 consiliaque
1055 447 1178 485 homi-

64 528 182 564 num‚
210 517 378 565 quamvis
417 518 606 555 recondita
622 546 635 565 ,
661 516 845 566 perspexit
871 516 1146 555 Hildebrandus
1162 545 1177 564 ‚

63 597 106 623 ac
165 585 224 624 his
274 586 373 624 haud
410 585 485 624 fine
521 586 714 634 diligentia
761 586 974 634 ingeniique
1010 587 1178 626 acumine

62 655 150 693 usus
174 664 232 694 est
254 658 340 704 (1).
370 655 459 694 Rite
483 655 765 702 animadvertit,
782 656 958 694 coelestia
976 657 1150 706 majorem
1164 687 1178 707 ,

64 737 174 772 quam
205 726 418 773 terrestria,
445 725 482 763 in
509 726 651 764 animos
683 727 757 765 vim
780 726 941 769 exserere
958 757 970 774 ,
998 737 1035 765 et
1051 756 1065 775 ‚
1090 739 1176 766 cum

63 795 158 833 bene
178 805 346 843 teneret,
366 795 671 844 quidsanctitatis
693 797 789 835 fama
812 798 911 846 apud
923 797 1093 836 homines
1116 809 1180 836 va·

63 868 161 914 leat,
189 868 282 904 hanc
307 865 448 914 semper
471 875 627 905 venatus
651 875 723 906 est.

113 937 224 974 Facta
237 946 357 974 tamen
379 938 458 986 ejus
481 937 642 974 animum
669 936 853 985 spirabant
872 936 1069 985 superbum
1083 936 1180 986 ;'per

64 1005 121 1044 fas
143 1016 180 1044 et
200 1006 303 1044 nefas
330 1005 496 1054 suscepta
520 1005 671 1044 consilia
700 1006 887 1044 tuebatur.
925 1007 1025 1045 Hinc
1054 1007 1182 1046 Euro'-

64 1087 149 1124 pam
193 1075 392 1114 universam
430 1076 670 1114 conturbavit
710 1076 895 1125 bellisque
935 1077 1092 1116 dominii
1125 1076 1182 1117 sui

63 1145 312 1194 amplificandi
336 1144 442 1184 causa
468 1145 650 1194 implevit.
686 1147 762 1185 Has
786 1147 943 1185 maxime
966 1147 1015 1185 ob
1029 1145 1181 1194 causas,

64 1217 150 1254 dum
177 1215 346 1263 viveret,
374 1214 436 1253 alii
469 1227 552 1254 eum
593 1216 760 1255 Satanan]
793 1227 838 1254 ex
866 1215 995 1256 inferis
1015 1216 1178 1257 solutum

62 1287 234 1325 dixerunt
268 1287 364 1336 (2),
391 1285 454 1324 alii
480 1286 701 1334 perditionis
742 1286 846 1325 illum
881 1287 999 1326 filium
1018 1316 1032 1336 ‚
1059 1288 1094 1326 se
1121 1287 1181 1326 su-

62 1369 129 1406 per
151 1356 279 1394 omnia
314 1356 552 1404 efferentem,
581 1357 647 1404 qui
682 1356 722 1395 in
754 1357 871 1396 Novo
900 1357 1065 1396 Foedere
1106 1369 1183 1396 me·

63 1436 228 1466 moratur
248 1427 332 1478 (3).
387 1428 473 1466 Nos
498 1439 612 1475 vero,
639 1427 708 1466 nisi
733 1427 823 1474 alia,
851 1426 1093 1466 constantiam
1112 1427 1182 1466 sal-

61 1506 135 1536 tem
173 1497 418 1536 Hildebrandi
448 1496 647 1545 miramur,
689 1497 847 1536 maxime
878 1497 905 1536 fi
942 1506 1177 1546 temporum,

65 1568 205 1617 quibus
244 1567 373 1615 vixit,
410 1575 448 1606 et
487 1567 678 1615 muneris,
720 1579 796 1616 quo
832 1567 1090 1615 fungebatur,
1125 1579 1182 1606 ra·

65 1639 204 1677 tionem
231 1638 425 1676 habemus.
479 1638 595 1688 Quod
623 1646 744 1676 autem
768 1637 919 1686 ingenio
940 1645 1052 1684 atque
1070 1647 1182 1686 agen·

68 1709 107 1748 di
140 1708 281 1746 ratione
317 1717 509 1756 tantopere
530 1707 637 1756 supra
661 1707 714 1745 sui
746 1707 825 1745 aevi
861 1707 1031 1745 homines
1060 1706 1096 1745 se
1119 1719 1182 1746 ex-

68 1780 244 1831 tolleret,
282 1779 367 1816 inde
396 1786 518 1816 ortum
554 1778 728 1825 videtur,
775 1778 879 1826 quod
927 1778 966 1815 in
1003 1779 1108 1816 nulla
1141 1789 1182 1816 re

69 1859 217 1900 operam
235 1848 360 1899 posuit
394 1848 459 1888 nisl
488 1848 526 1888 in
548 1859 617 1896 ea,
641 1859 736 1897 quae
759 1849 806 1887 ad
835 1847 897 1887 sua
926 1846 1076 1886 consilia
1100 1859 1184 1897 per·

1137 1927 1185 1956 ti-

108 2047 161 2084 (1)
181 2047 273 2077 Conf-
289 2051 472 2083 fleeten,
502 2048 525 2076 1.
547 2055 575 2076 c.
596 2054 665 2083 pag.
688 2046 743 2084 693
766 2046 935 2082 Planck,
950 2047 1012 2075 Le.
1031 2046 1085 2076 1v.
1101 2046 1136 2074 Β.
1150 2046 1177 2075 Ι.

69 2104 128 2132 Ab.
148 2113 216 2140 pag.
237 2113 299 2134 ιιι.

108 2161 161 2197 (a)
181 2162 218 2190 Et
235 2163 304 2190 hinc
332 2162 444 2190 factum
470 2170 502 2191 ut
525 2161 665 2190 nonnulli
692 2159 759 2194 ejus
785 2168 897 2190 nomen
925 2160 1181 2190 Hildebrand

71 2217 101 2245 in
138 2220 164 2248 Η
177 2220 284 2247 elle·
297 2204 415 2247 brand
434 2219 502 2247 satis
520 2218 624 2254 inepte
640 2225 869 2247 commutarent.

106 2276 161 2312 ω)
183 2274 318 2309 astus.
347 2274 389 2304 ll.
412 2283 428 2309 3
447 2282 478 2303 et
492 2283 526 2310 ⁴·
