1483 2860
330 709 1071 774 INTRODUCTIO.

411 945 986 989 *merae-...-

191 1170 376 1236 Acetum
408 1190 482 1246 jam
515 1195 560 1234 ab
603 1191 867 1242 antiquissimis
906 1188 991 1230 inde
1019 1186 1249 1239 temporibus

137 1265 330 1314 cognitum
358 1265 457 1302 fuit:
502 1264 865 1312 Hippocrates
904 1260 1069 1308 etenim,
1107 1258 1251 1303 Gale-

134 1344 230 1373 nus
263 1343 299 1373 et
338 1332 700 1373 Dioscorides
739 1332 779 1371 in
818 1325 998 1381 operibus
1029 1329 1102 1368 suis
1125 1329 1171 1367 de
1204 1338 1250 1365 eo

129 1403 204 1452 iam
235 1403 463 1442 mentionem
500 1403 696 1450 fecerunt,
722 1410 836 1447 atque
861 1399 1068 1438 Plinius
1090 1397 1252 1436 summo-

130 1478 221 1517 pere
254 1468 349 1506 aceti
376 1469 423 1506 ad
443 1468 697 1507 conficiendos
717 1465 865 1502 fructus
887 1463 1149 1512 praestantiam
1172 1466 1253 1503 lau.

132 1536 236 1575 davit
270 1535 328 1585 ι).
380 1534 569 1583 Legiones
601 1532 794 1571 Romanae
819 1540 864 1569 eo
894 1541 981 1570 cum
1011 1542 1107 1579 aqua
1133 1531 1250 1574 mixto

133 1614 310 1654 tanquam
343 1612 440 1653 potu
476 1601 559 1641 usae
595 1600 682 1640 sunt
697 1628 713 1648 ‚
752 1611 864 1649 quem
903 1601 1077 1650 oxycrati
1103 1599 1254 1641 nomine

135 1674 400 1725 designabant,
436 1680 548 1720 atque
574 1669 755 1720 Aegyptii
788 1668 965 1709 videntur
992 1677 1135 1711 acetum
1171 1678 1253 1709 tan-

135 1757 245 1796 quam
283 1743 514 1783 condituram
550 1741 589 1780 in
622 1739 864 1780 cadaveribus
898 1738 1116 1779 condiendis
1147 1739 1254 1778 adhi-

125 1814 279 1862 buisse,
331 1820 491 1852 testante
536 1811 823 1856 Herodoto
861 1808 934 1859 2),
989 1810 1092 1857 quod
1143 1807 1251 1848 etiam

124 1884 309 1925 conficere
342 1882 541 1933 possumus
579 1893 599 1920 e
635 1881 722 1919 loco
767 1870 867 1928 apud
914 1878 1149 1925 Plinium
1186 1878 1254 1917 ubi

127 1956 200 1995 ait:
231 1984 256 2005 ‚‚
282 1954 345 2005 pix
369 1951 510 2003 liquida
534 1951 572 1990 in
600 1952 757 2000 Europa
791 1961 812 1989 e
842 1950 927 1988 teda
957 1948 1161 1997 coquitur,
1189 1960 1254 1987 na-

128 2025 275 2065 valibus
310 2023 518 2064 muniendis
556 2023 774 2070 multosque
805 2019 900 2059 alios
926 2020 973 2062 ad
997 2006 1105 2059 usus.
1157 2018 1253 2067 Lig-

1161 2098 1251 2128 num

140 2235 144 2239 .
170 2189 223 2227 (ι)
243 2190 417 2225 Plinius,
440 2189 574 2220 Historia
591 2188 756 2225 naturalis,
778 2187 849 2218 Lib.
871 2184 953 2217 XIV.
979 2184 1056 2222 Cap.
1070 2185 1132 2214 XX.
1166 2180 1169 2201 ³

168 2248 222 2284 (a)
243 2248 479 2278 Herodotus
511 2247 770 2278 Halicarnasi
802 2245 920 2276 Hister.
947 2242 1020 2275 Lib.
1050 2243 1101 2272 lx.
1124 2240 1189 2272 Lib.
1212 2241 1255 2270 11.

146 2306 221 2341 sap.
243 2305 388 2336 xxxvii.
