1483 2860
367 232 958 280 THEOLOGICA.
1174 242 1223 281 a,

124 351 284 397 dentes,
334 347 490 388 Ottonis
536 347 745 402 exemplum
782 342 920 382 imitari
962 350 1043 381 non
1087 337 1228 388 semper

121 420 236 460 fuisse
255 418 362 459 ausos
378 447 392 467 ,
419 428 504 457 cum
525 417 730 455 nonnullos
751 415 868 464 Papas
881 411 1048 451 moribus
1072 407 1230 460 perditis

122 501 164 529 ac
197 489 276 528 vita
307 489 459 528 scelesta
486 486 656 526 foedatos
691 486 886 532 viderent3
939 472 1232 521 animadverten-

120 561 209 599 dum
248 567 367 597 tamen
393 566 450 596 est
481 557 645 606 regimen
678 554 899 596 Germaniae
921 551 1116 591 electorale
1136 547 1233 588 fuis-

120 627 180 677 se,
227 630 326 668 unde
360 627 504 678 ignavia
543 627 809 665 nonnullorum
843 625 1115 673 Imperatorum
1147 629 1233 668 erga

117 700 233 748 Papas
267 707 304 737 et
337 699 471 737 horum
519 694 698 753 audacia,
740 697 817 744 qua
850 693 950 743 ipsos
986 693 1233 740 Imperatores

119 767 262 819 saepius
287 766 445 818 aggresfi
472 766 580 815 sunt,
600 766 710 806 facile
733 763 985 814 explicantur3
1021 759 1235 800 metuebant

121 838 175 877 illi
201 849 249 878 ne
265 866 280 886 ,
323 836 350 878 fi
373 837 586 877 auctoritati
612 836 805 876 Pontificis
841 832 1003 875 Romani
1037 830 1238 870 reniteren-

120 915 205 957 tur,
231 908 421 947 anathema
443 907 512 947 fibi
543 908 828 954 contraherent,
856 915 961 954 quo,
988 899 1235 942 exsecratione

119 978 159 1017 in
196 977 233 1016 se
264 977 452 1016 concitata
470 1005 484 1025 ,
532 977 626 1015 alius
661 976 747 1024 quis
787 975 967 1014 continuo
1008 972 1233 1021 eligeretur;

119 1049 227 1097 cuius
260 1048 313 1086 rei
342 1047 604 1086 documentum
643 1043 976 1086 luculentissimum
1007 1041 1047 1080 in
1077 1037 1237 1080 Henrici

117 1117 186 1159 IV.
225 1118 303 1157 vita
340 1118 512 1167 deinceps
556 1117 782 1156 videbimus.
871 1111 1107 1161 Ceteroquin
1143 1119 1234 1160 gens

119 1185 360 1235 Germanica,
413 1199 484 1236 pro
519 1187 651 1226 altiore
682 1186 745 1225 sua
772 1185 926 1232 indole,
965 1184 1236 1233 Imperatorum

117 1256 378 1295 conaminibus
409 1255 582 1295 adversus
615 1257 733 1306 Papas
773 1255 880 1304 saepe
916 1254 1036 1302 favit3
1083 1248 1236 1290 comitia

117 1325 206 1364 item
222 1353 236 1372 ,
285 1326 324 1365 in
363 1327 502 1380 qui-bus
541 1325 663 1375 gentis
699 1325 757 1364 vis
792 1324 950 1363 maxime
983 1330 1059 1361 erat
1086 1316 1235 1366 conspi-

118 1405 214 1442 cua,
253 1395 425 1433 lubenter
455 1396 674 1443 principes,
701 1393 924 1431 hierarchIae
952 1388 1128 1429 abufibus
1161 1386 1235 1425 sese

118 1472 353 1514 opponentes
390 1464 624 1515 adjuvabant.
690 1463 763 1502 His
796 1462 848 1501 ita
885 1459 1051 1500 subfidiis
1094 1457 1231 1506 nixus,

119 1535 305 1573 Hearicus
341 1535 409 1574 111.
446 1535 592 1573 fortiter
629 1545 713 1584 erga
740 1535 856 1582 Papas
893 1531 929 1570 se
973 1529 1114 1583 gestit,
1149 1528 1234 1576 hic,

121 1604 242 1654 Niger
271 1615 292 1642 a
318 1603 427 1643 faciei
449 1605 577 1642 colore
603 1603 889 1654 cognominatus
905 1629 919 1650 ,
946 1612 1039 1650 puer
1067 1598 1236 1648 quinque

120 1685 300 1712 annorum
337 1673 565 1722 Aquisgrani
603 1674 671 1723 (1)
717 1673 923 1721 Imperator
953 1683 975 1709 a
1007 1678 1111 1719 patre
1131 1669 1237 1708 Con-

122 1744 212 1784 rado
253 1745 304 1784 11.
346 1744 555 1794 defignatus
593 1753 651 1783 est
687 1738 785 1793 (α),
838 1753 916 1791 quo
957 1740 1106 1780 duobus
1129 1737 1236 1777 annis

122 1823 212 1865 post
237 1815 284 1855 de
314 1814 394 1854 vita
435 1814 634 1855 decedente
649 1841 664 1863 ,
715 1813 778 1852 ille
803 1811 842 1852 in
869 1812 994 1852 matris
1029 1809 1238 1849 clientelam

1168 1889 1236 1917 veo

160 1961 216 1998 (r)
235 1961 351 1991 Patriae
369 1969 488 1991 nostrae
500 1969 585 1998 pars,
596 1967 673 1996 quae
687 1961 724 1990 nd
736 1959 862 1990 Galliam
870 1959 1021 1995 Belgicam
1030 1956 1238 1988 referebatur,

125 2025 142 2046 a
165 2017 277 2047 Carolo
294 2019 364 2047 inde
383 2020 493 2054 Magno
520 2017 650 2047 maxime
669 2017 859 2046 inclaruerat.
900 2017 1101 2053 Imperatores
1124 2015 1237 2052 Aquis-

124 2075 208 2111 grani
229 2075 331 2104 sedem
350 2075 430 2104 suam
454 2075 506 2104 diu
529 2075 721 2112 habuerunt,
740 2081 774 2104 et
797 2074 920 2104 maximi
944 2072 1091 2103 momenti
1104 2072 1237 2103 concilia

127 2131 172 2161 ibi
187 2140 258 2162 tuuc
278 2133 536 2162 convocabantur.

159 2188 214 2224 (2)
237 2189 321 2219 Fecit
336 2189 410 2219 illud
421 2190 578 2221 conradus
597 2197 667 2218 cum
687 2189 795 2220 morbo
812 2189 982 2225 gravissimo
1005 2195 1178 2224 urgeretur,
1201 2194 1235 2217 nt

122 2245 285 2281 Imperium
313 2246 478 2279 electivum
511 2245 715 2278 haereditario
749 2246 817 2282 iure
848 2247 885 2277 ad
921 2246 1019 2276 fllium
1053 2243 1235 2276 transmitte·

124 2309 182 2331 ret.
