1483 2860
206 209 276 244 108
427 207 1086 256 COMMENTATIO

479 329 518 368 c
569 331 604 369 A
655 331 683 370 Ρ
735 332 771 371 U
820 333 861 391 v'1'
911 336 1005 377 ΠΙ,

245 451 426 505 Gregorii
449 456 540 496 VII.
558 459 778 505 facinorum
799 465 906 512 κρισὶς
923 493 936 513 ,
971 477 1166 515 corumque
1194 467 1248 506 νὶε

294 533 407 574 atque
444 525 590 576 effectus
627 530 668 567 in
704 530 954 571 Hierarchiae
981 534 1200 575 conditionis

480 601 769 638 «commutatione
798 602 1006 654 conspicua.

692 735 731 783 s.
757 751 759 753 ·
778 747 813 775 1.

472 866 651 917 Gregorii
662 868 882 916 facinorum
906 871 1032 920 κρισὶς·

233 995 424 1036 Laudatur
451 997 497 1036 ab
522 999 605 1047 his,
631 1002 804 1051 culpatur
829 1002 875 1041 ab
908 1001 1011 1052 inis3
1041 1004 1113 1042 hoc
1135 1005 1287 1047 omnino

178 1065 219 1103 in
256 1066 483 1117 Gregorium
523 1071 692 1118 quadrat.
746 1071 843 1110 Nam
875 1081 917 1110 ut
953 1073 1043 1121 alii,
1070 1074 1186 1113 nimio
1216 1087 1292 1117 me·

177 1135 315 1175 moriae
337 1138 418 1186 ejus
447 1139 603 1177 tuendae
627 1138 747 1178 studio
777 1140 879 1178 ducti
906 1142 998 1191 (ι),
1026 1152 1180 1190 propter
1206 1144 1286 1194 ejus

176 1203 219 1242 in
239 1206 440 1246 Ecclesiam
473 1208 601 1247 merita
627 1210 665 1248 in
688 1211 832 1248 coelum
860 1222 944 1249 eum
972 1212 1184 1251 extulerunt
1198 1213 1285 1262 (2);

173 1275 227 1314 ita
260 1277 323 1316 alii
355 1278 466 1317 nimis
495 1277 674 1318 invidiose
697 1281 776 1329 eJ'us
801 1292 861 1318 res
897 1290 1018 1330 gestas
1046 1291 1287 1331 enarrarunt,

176 1356 214 1386 et
235 1348 315 1396 nil,
335 1349 402 1387 nifi
414 1351 516 1397 quod
530 1350 784 1389 detestandum
812 1350 926 1398 esset,
940 1351 977 1388 in
993 1363 1037 1390 eo
1048 1351 1206 1399 reperire
1220 1351 1288 1390 fibi

172 1416 241 1458 vifi
269 1419 353 1459 sunt
371 1420 456 1470 (3).
508 1420 581 1459 Sed
610 1429 776 1459 errarunt
802 1420 976 1470 utrique3
1006 1421 1181 1470 quocirca
1209 1433 1286 1461 me-

1182 1491 1282 1531 dium

208 1590 262 1635 (1)
281 1598 329 1627 sic
348 1597 621 1633 Languetius,
643 1598 716 1634 qui,
737 1597 876 1626 laudibus
905 1599 1152 1633 Gregoriuns
1178 1607 1281 1628 cumu-

166 1656 252 1690 hm,
272 1656 426 1691 professus
455 1663 501 1685 est
518 1656 549 1685 se
567 1657 607 1685 ita
635 1676 658 1692 ‚‚
679 1655 865 1691 devotissimi
879 1654 949 1690 filii
956 1662 1063 1691 partes
1082 1667 1172 1693 agere
1185 1676 1195 1693 ,
1224 1658 1280 1694 qua·

165 1726 190 1748 ,=‚
210 1713 379 1749 eharisstmt'
401 1715 506 1750 patris
532 1714 671 1741 honorem
697 1713 875 1740 immaniter
891 1713 1005 1747 laesum
1029 1713 1176 1742 κυεην-Ν
1203 1713 1281 1745 Vide

165 1771 247 1799 hunc
271 1778 301 1799 et
317 1770 392 1800 alios
411 1778 426 1799 a
446 1771 589 1799 Soardi
612 1770 719 1798 citatos
744 1769 775 1798 in
793 1777 909 1806 opere,
930 1789 953 1806 ,‚
973 1770 1020 1798 Da
1044 1771 1178 1799 Romam·
1198 1765 1283 1800 P'on·

162 1846 190 1868 „
207 1827 304 1863 efficis
325 1830 519 1856 auctoritate
530 1827 563 1862 ‚”
581 1835 649 1862 pag.
671 1837 703 1861 15
723 1826 807 1863 seqq.

200 1884 254 1922 (2)
276 1885 360 1913 Inter
370 1892 446 1919 quos
462 1883 600 1918 inprimis
620 1885 832 1912 memorandus
850 1891 896 1913 est
913 1884 995 1913 idem
1012 1883 1034 1911 L
1051 1885 1284 1919 anguetius.

163 1942 361 1970 sennonenfis
394 1941 670 1976 Archiepiscopus‚
694 1941 744 1976 qui
773 1942 811 1969 de
846 1940 1048 1974 Gregorio
1078 1948 1108 1969 et
1131 1942 1188 1970 alia
1211 1943 1280 1973 satis

162 1997 266 2034 {nepta
292 2006 324 2027 et
344 1999 418 2027 haec
442 1997 537 2028 dixin
558 2017 582 2032 ‚,
607 1998 644 2025 Ce
674 1998 755 2033 Papa
785 2006 802 2024 a
829 1997 941 2024 merit!
965 1997 1063 2024 d'e‘ere
1093 2000 1207 2034 compe!
1234 2008 1276 2028 aa

159 2074 186 2092 ‚,
205 2058 325 2084 nombre
341 2055 375 2083 dc
392 2065 436 2083 ces
452 2055 577 2083 hommes
603 2064 690 2081 mres
711 2073 720 2089 ,
736 2063 790 2091 que
818 2055 900 2082 Dieu
922 2063 940 2080 a
961 2054 1050 2081 douds
1071 2054 1159 2082 d'unae
1179 2056 1274 2094 grdce

159 2133 184 2150 „
203 2112 407 2144 exceltenta.”
429 2129 472 2136 —
493 2114 635 2141 Llorente
659 2119 786 2147 contra,
807 2112 956 2142 Portrait
980 2111 1029 2138 des
1057 2112 1173 2148 Paper,
1195 2112 1273 2142 dixit

161 2171 397 2208 Gregorium
419 2190 443 2206 ,‚
466 2170 507 2198 La
532 2172 604 2207 plut
627 2169 729 2205 grand
756 2168 805 2196 des
831 2167 994 2204 monstres,
1017 2177 1072 2204 que
1095 2168 1272 2197 l’aubs'n’oae

160 2250 184 2266 „
205 2231 254 2258 aie
269 2236 311 2265 pn
321 2227 479 2265 sor-er.”

193 2287 248 2325 (³)
267 2286 364 2323 Quam
382 2286 452 2314 nris
469 2283 624 2314 coloribus
646 2290 714 2312 eum
731 2280 926 2319 depinxerim
954 2281 1093 2311 nonnum
1125 2282 1177 2312 vix
1202 2289 1269 2313 en-

1225 2336 1272 2364 di·
