1483 2860
275 205 951 255 MATHEMATICA.
1098 215 1149 255 99

45 337 146 368 ctum
168 352 169 355 η
189 323 394 373 superficiei
427 329 623 360 commune
661 316 809 356 habete.
862 313 1043 365 Quamvis
1073 315 1163 364 pla--

47 409 134 437 num
160 405 313 444 tangens
337 394 386 430 ita
412 391 447 430 se
471 390 603 428 habeat
625 415 639 436 ,
668 397 762 435 quae
781 386 819 423 in
833 383 1097 433 superficiebus
1113 384 1152 422 in

48 464 223 504 omnibus
250 460 400 511 punctis
422 458 497 497 five
528 462 714 495 convexae
740 453 815 493 five
834 463 1024 491 concavae
1039 449 1123 489 sunt
1137 476 1154 498 ‚

44 536 130 574 casu
157 542 278 571 tamen
291 559 305 578 ,
336 540 414 577 quo
436 527 647 576 superficies
676 534 732 563 est
749 534 919 562 convexo
932 532 1122 560 -concava
1137 548 1151 568 ,

46 606 106 643 vel
136 612 302 641 concavo
314 622 329 630 -
342 609 507 637 convexa
519 624 533 645 ,
559 598 656 636 secat
675 596 826 643 planum
846 601 1000 640 tangens
1016 591 1154 628 hancce

44 671 300 722 superficiem,
333 678 539 716 eorumque
582 663 790 703 communis
824 661 937 701 sectio
979 669 1036 699 est
1069 671 1156 698 cut·-

46 755 121 790 va,
149 753 243 790 quae
267 737 399 778 transit
420 747 486 786 pet
509 743 690 785 punctum
716 740 940 777 contactus,
974 740 1052 778 quo
1081 729 1157 767 effi-

44 813 169 858 citur,
196 810 346 859 planum
369 816 523 855 tangens
546 805 619 843 hoc
644 802 728 842 casu
754 800 945 839 continere
967 806 1160 847 tangentes

49 882 214 922 omnium
240 888 458 924 curvarum,
477 885 570 923 quae
586 885 652 923 per
672 874 744 910 hoc
766 878 946 921 punctum
969 867 1055 906 duci
1070 878 1160 916 pos-

50 954 160 999 snnt,
188 950 238 988 ita
261 958 302 987 ut
320 957 445 985 revera
473 945 517 983 fit
545 944 695 992 planum
722 949 757 979 et
780 949 935 988 tangens
962 945 999 975 et
1020 935 1157 974 secans.

50 1024 139 1063 Hoc
165 1019 327 1059 cernitur
349 1024 492 1066 praeter
516 1014 604 1053 alias
632 1024 669 1050 111
693 1006 956 1059 superficiebus
978 1006 1166 1045 annulari·
1228 1021 1229 1024 ¹

50 1095 122 1132 bus
149 1090 337 1142 <sarsana
357 1084 597 1131 annulaires)
611 1110 626 1131 ,
661 1080 809 1130 quando
835 1078 881 1117 ad
903 1086 1046 1128 partem
1070 1076 1165 1116 inte·

48 1162 184 1201 riorem
212 1165 391 1208 punctum
411 1160 604 1192 contactus
622 1148 792 1189 sumitur.

102 1233 168 1278 2.)
192 1224 418 1276 superficies
451 1221 669 1267 rectilinea,
697 1218 837 1266 quippe
869 1215 980 1264 cuius
1016 1223 1167 1262 geneta⁴

53 1300 128 1340 trix
150 1297 336 1337 rectilinea
359 1294 410 1331 ita
433 1297 605 1330 movetur
621 1317 634 1337 ,
678 1297 719 1326 ut
741 1288 834 1325 duae
860 1285 1062 1334 pofitiones
1091 1282 1163 1321 fint

53 1370 194 1420 semper
210 1367 250 1405 in
275 1365 403 1404 eodem
434 1362 574 1411 plano,
601 1358 765 1408 tangitur
786 1353 1045 1405 ageneratrice
1071 1351 1165 1402 ipsa,

55 1452 151 1490 quae
186 1447 267 1476 tota
293 1435 397 1473 adest
427 1432 466 1469 in
491 1431 601 1479 piano
634 1436 821 1477 tangente.
860 1423 943 1462 Hae
972 1419 1170 1473 generatri-

55 1520 147 1556 ceS,
173 1517 266 1556 quae
294 1505 443 1552 pianum
477 1509 630 1548 tangens
664 1498 774 1535 deter
770 1497 930 1544 ninant,
975 1492 1060 1532 sunt
1095 1501 1168 1530 nu·

57 1589 159 1618 mero
186 1576 300 1620 duae,
332 1570 400 1610 fibi
431 1568 574 1608 infinite
602 1567 824 1616 proximae,
852 1564 909 1602 uti
936 1574 996 1601 res
1029 1561 1065 1601 se
1106 1563 1170 1601 ha-

58 1648 121 1686 bet
148 1646 186 1684 in
217 1640 482 1691 superficiebus
506 1637 660 1677 Conicis
697 1645 734 1674 et
765 1632 1009 1683 Cylindrieis.

111 1715 173 1766 3.)
200 1714 240 1753 Si
264 1710 472 1760 superficies
503 1708 546 1747 fit
565 1705 767 1745 curvilinea
787 1703 961 1753 (furface
972 1699 1167 1752 gauche),

59 1787 202 1835 quippe
223 1784 330 1832 cujus
363 1778 605 1830 generatrices
636 1774 845 1816 rectilineae
878 1773 994 1810 lineae
1025 1769 1170 1808 infinite

59 1856 127 1896 fibi
168 1852 355 1904 proximae
387 1850 492 1898 (Fig.
534 1849 622 1895 28.)
663 1846 779 1891 MA,
827 1842 940 1881 M'A'
979 1852 1170 1889 nunquam

60 1926 148 1966 sitae
186 1924 257 1962 sint
290 1923 329 1960 in
361 1922 488 1958 eodem
522 1918 631 1967 plano
645 1919 669 1964 ,1
707 1914 798 1955 tum'
822 1914 931 1962 plana
958 1910 1171 1959 tangentia,

66 2007 160 2044 quae
195 1994 241 2031 ad
268 1993 343 2030 duo
383 1999 543 2039 puncta,
584 1988 701 2026 sumta
728 1986 766 2035 i‘n
797 1984 919 2022 eadem
946 1981 1172 2030 genez-atrine

67 2064 203 2104 AMN
215 2090 228 2109 ,
255 2061 468 2110 pertinent,
495 2068 531 2097 et
559 2060 653 2096 hanc
680 2066 814 2094 rectam
841 2051 1034 2092 continent
1050 2078 1064 2098 ,
1090 2047 1175 2091 sunt

65 2137 160 2174 inter
199 2131 233 2170 se
279 2131 430 2170 divetsa.
495 2130 680 2167 Praeterea
717 2125 805 2173 quia
832 2124 938 2170 ρΙιηει
976 2121 1100 2160 AMT
1140 2128 1177 2158 et

69 2203 195 2243 ANV
223 2212 299 2240 non
327 2199 536 2238 coincidet-e
557 2196 740 2245 posiunt‚
769 2193 887 2240 tangit
909 2191 1023 2239 iwitur
1059 2190 1179 2238 quod-

69 2283 218 2320 cunque
252 2255 400 2318 pianuin
438 2269 543 2305 talem
577 2264 801 2328 superficient
822 2257 870 2299 in
908 2271 983 2298 uno
1010 2269 1178 2329 puncto,

581 2335 619 2373 G
646 2346 669 2373 2
1125 2339 1185 2366 ce-
