1483 2860
410 194 843 245 JURIDICA.
1143 199 1194 239 47

77 316 153 344 non
191 315 289 353 opus
321 304 410 343 mihi
447 304 618 351 videtui-3
650 302 743 340 illud
771 300 881 340 unice
903 299 1085 345 observo,
1115 297 1196 337 Co-

78 376 194 412 dicem
229 375 317 413 Civ.
348 386 408 412 eas
436 375 519 412 ideo
555 371 806 419 recensuisse,
835 372 921 419 quia
945 380 1085 409 ceterae
1105 378 1194 407 con·

77 445 295 483 ventionum
330 443 530 482 divisiones
564 455 659 491 quae
690 445 773 493 J‘ure
804 442 961 490 antiquo
994 440 1196 488 vigebant,

75 515 162 553 sunt
189 514 386 563 abrogatae
412 515 495 563 (1).
524 514 610 552 Una
634 513 754 551 adhuc
778 511 944 560 superest
965 509 1196 548 observatio:

77 585 117 623 in
151 584 328 622 historica
356 583 452 622 enim
483 583 528 621 de
550 583 866 621 conventionibus
899 581 1099 620 secundum
1133 581 1197 630 jus

76 655 193 694 Rom.
223 655 487 703 disquisitione
515 653 828 699 memoravimus,
857 653 1050 690 Romanos
1073 662 1093 689 a
1116 652 1201 701 jure

78 726 259 765 Gentium
300 725 483 774 accepisse
520 734 637 762 certas
683 723 858 771 quasdam
906 721 1199 759 conventionum

78 795 246 844 species,
275 797 372 833 unde
404 794 641 844 distinguunt
676 793 772 831 inter
799 792 981 841 legitimas
1008 790 1083 830 five
1105 790 1201 840 juris

77 861 199 903 civilis
232 865 533 912 conventiones,
562 874 598 902 et
619 863 714 914 juris
745 863 942 902 Gentium.
995 861 1202 901 Distinctio

80 946 200 974 autem
218 937 405 987 haech'ure
422 944 554 972 nostro
582 934 802 983 ignoraturz
831 944 913 971 nam
937 933 1037 981 apud
1061 931 1203 970 Roma-

82 1016 153 1043 nos
173 1005 267 1055 juris
292 1005 471 1043 Gentium
498 1004 770 1043 conventiones
790 1015 810 1041 a
833 1004 915 1052 jure
930 1002 1033 1041 civili
1054 1001 1206 1050 quidem

81 1075 165 1113 sunt
209 1076 500 1123 comprobatae,
553 1086 629 1112 non
678 1084 797 1112 tamen
839 1072 996 1111 formam
1033 1073 1201 1111 civilium

82 1144 378 1182 conventionum
427 1152 681 1191 acceperunt,
734 1154 816 1180 nam
870 1154 993 1191 neque
1043 1142 1209 1181 solennia.

32 1211 33 1216 ’
81 1214 220 1261 verba,
246 1225 370 1262 neque
391 1214 690 1251 contrahentium
720 1212 958 1262 praesentiam
982 1213 1202 1261 requirunt,

81 1295 203 1332 neque
238 1283 326 1322 item
361 1292 403 1323 ut
439 1283 541 1322 cives
577 1283 650 1322 fint
691 1284 978 1322 contrahentes:
1033 1283 1137 1331 quod
1164 1282 1204 1321 in

77 1355 177 1406 juris
212 1354 335 1392 civilis
367 1354 683 1393 conventionibus
723 1353 827 1392 secus
860 1362 917 1392 est
953 1354 1036 1403 (α).
1101 1353 1204 1393 Cum

84 1437 175 1464 vero
210 1426 301 1465 haec
336 1425 459 1464 omnia
486 1427 570 1476 J‘ure
611 1434 744 1464 nostro
780 1436 857 1464 non
899 1424 1059 1473 amplius
1101 1435 1208 1473 prae-

81 1495 320 1544 scribuntur,
387 1507 432 1534 ex
477 1493 545 1534 usu
584 1507 740 1544 quoque
784 1495 931 1534 recessit
977 1495 1067 1534 haec
1110 1494 1207 1534 divi·

85 1564 143 1604 fio
169 1565 253 1616 (3).

126 1727 182 1764 (1)
204 1726 272 1755 Vid-
301 1727 439 1764 Mon’fs‚
471 1727 564 1757 Tom.
596 1729 635 1757 V.
667 1728 729 1758 ΝΟ.
765 1737 812 1766 59.
843 1737 872 1765 p-
905 1731 933 1757 8.
966 1748 989 1764 ‚‚
1013 1726 1146 1763 C'est,'’
1165 1727 1208 1757 ait

86 1782 210 1818 nigot
238 1783 448 1820 Preameneu,
475 1802 499 1820 „
520 1784 687 1814 ada-fois
712 1793 752 1814 un
781 1784 870 1822 point
889 1787 926 1816 de
950 1785 1090 1815 doctrine
1113 1790 1145 1814 et
1166 1785 1205 1813 de

88 1859 113 1876 ‚‚
134 1839 320 1875 legislation.

124 1898 179 1935 (ι)
200 1899 354 1933 Noodt,
375 1900 440 1929 1.1.
462 1908 490 1930 c.
513 1904 542 1930 8.

100 1971 105 1973 <
125 1955 180 1994 (³)
201 1956 501 1995 Delvincourt,
525 1958 625 1989 Cours
643 1958 681 1988 de
702 1957 795 1988 Droit
815 1957 878 1988 civ.
902 1957 993 1988 Tom.
1015 1958 1056 1988 11.
1078 1966 1111 1994 p.
1133 1959 1181 1989 81·

523 2119 779 2138 mm

1106 2343 1212 2383 CA-
