1483 2860
290 232 941 275 INTRODUCTIO.
1156 232 1184 280 ’ὰ

66 345 198 384 lineam
234 353 371 383 rectam
405 344 471 394 ι),
526 354 621 391 quae
658 342 901 392 repraesentet
939 341 1183 382 directionem

63 424 190 454 motus
221 413 441 463 compositi,
468 425 535 462 per
560 424 670 461 quem
709 424 823 452 curva
855 412 1011 451 describi
1037 416 1181 460 potest.

53 484 146 523 >Hae
175 484 334 524 diversae
371 483 532 522 rationes
574 482 727 522 diversis
763 483 951 522 methodis
989 491 1182 530 tangentes

60 554 271 594 inveniendi
307 554 431 592 ansam
463 555 671 602 dederunt,
712 554 809 593 inter
850 565 942 603 quas
978 554 1184 591 memoran-

55 626 126 663 *dae
161 634 250 662 sunt
274 625 471 663 methodus
493 624 726 674 algebraica‚
754 636 850 672 quae
886 624 1022 662 nititur
1044 634 1182 671 aequa·

56 693 151 732 litati
184 695 349 733 radicum
374 685 638 742 aetluationum
662 703 698 732 et
724 692 1044 732 transformationi
1068 696 1182 732 coor-

53 763 260 802 dinatarum
276 792 290 812 ‚
317 774 353 803 et
378 766 577 803 methodus
609 763 863 803 differentialis
880 792 894 811 ‚
924 775 1020 813 quae
1048 763 1181 802 nititur

56 833 339 873 considerationi
374 835 519 874 infinite
558 835 663 884 parvi
687 836 748 873 vel
781 835 990 874 fluxionum
1021 834 1182 874 ἐοότᾶῑν

57 912 236 944 natarum.

107 973 222 1011 Hisce
256 973 392 1012 ductus
429 973 655 1013 consideravi
692 983 884 1024 tangentes
921 959 1098 1023 tanquam
1130 979 1183 1012 ta·

53 1043 107 1080 les
137 1043 253 1082 lineas
282 1042 358 1081 five
382 1052 499 1082 rectas
523 1044 597 1083 five
623 1056 778 1093 curvas,
814 1057 909 1094 quae
935 1048 1070 1084 curvae
1094 1054 1182 1092 pro>-

53 1112 193 1160 positae
222 1115 383 1161 ejusque
408 1115 543 1152 tractui
568 1115 618 1154 ita
643 1124 885 1163 congruunt,
914 1124 957 1153 ut
979 1115 1078 1153 inter
1102 1122 1183 1152 tan-

49 1170 196 1231 gentem
235 1191 271 1220 et
298 1195 449 1222 curvam
488 1185 589 1223 nulla
614 1187 728 1223 altera
751 1185 934 1234 ejusmodi
963 1184 1060 1222 linea
1091 1183 1177 1222 ducli

50 1252 195 1302 possit,
248 1254 454 1302 eodemque
492 1255 605 1293 modo
643 1254 858 1303 superficies
907 1262 1099 1303 tangentes
1139 1260 1177 1291 et

49 1324 177 1371 piana's
205 1331 242 1361 et
266 1335 422 1372 curvas,
453 1333 572 1373 utque
599 1325 645 1362 iis
670 1324 902 1363 inveniendis
926 1324 1080 1362 adhibui
1100 1325 1179 1362 cal'-

47 1395 173 1430 culum
203 1391 498 1433 differentialem.

97 1463 149 1501 Π.
177 1463 295 1512 Quod
328 1463 459 1501 attinet
482 1463 527 1502 ad
552 1462 799 1511 divifionem5
831 1462 1004 1511 quaestio
1028 1470 1171 1511 propos

46 1531 114 1570 fita
148 1544 215 1580 per
247 1531 356 1570 semet
382 1532 458 1581 ipsa
481 1533 516 1570 se
545 1533 678 1571 dividit
696 1533 735 1572 in
760 1535 851 1572 duas
878 1540 1026 1581 partesg·
1057 1533 1172 1582 quipi-

47 1613 94 1650 pe
131 1613 226 1649 quae
258 1601 342 1640 sunt
379 1613 451 1640 una
484 1603 528 1640 de
562 1602 706 1640 theoria
747 1602 1005 1651 tangentium,
1056 1600 1168 1639 aiteta

45 1673 91 1710 de
124 1670 192 1710 usu
222 1672 335 1721 huJ'us
363 1671 541 1710 theoriae.
610 1671 802 1722 Quoniam
826 1682 916 1710 vero
948 1670 1065 1709 lineae
1089 1681 1170 1709 τεσ-

45 1751 102 1780 tae
143 1750 180 1779 et
213 1753 350 1780 curvae
385 1753 462 1779 non
493 1741 589 1779 inter
624 1741 660 1779 se
697 1740 873 1780 differunt
899 1740 966 1779 nisi
993 1740 1170 1779 directio·

43 1824 114 1860 ne,
141 1824 388 1861 —-namque
419 1813 514 1850 linea
548 1820 646 1850 recta
682 1820 825 1849 tantum
870 1810 1066 1859 imaginem
1109 1820 1166 1855 ree

41 1883 245 1932 praesentat
281 1882 496 1921 directionis
543 1883 588 1920 ab
622 1882 695 1920 alio
729 1882 776 1920 ad
808 1880 908 1919 aliud
950 1890 1160 1930 punctum3

42 1965 155 1992 curva
188 1962 309 1991 autem
336 1952 578 2001 repraesentat
617 1952 710 1990 viam
745 1963 764 1989 a
804 1960 944 1999 puncto
981 1952 1161 1990 continue

41 2030 221 2076 promoto
262 2033 347 2060 cum
387 2024 524 2060 variata
559 2020 743 2059 continuo
789 2028 916 2058 motus
953 2020 1159 2059 directione

41 2091 281 2141 descriptam,
307 2107 364 2116 —
389 2091 472 2129 ideo
500 2102 613 2130 unum
651 2098 795 2128 tantum
824 2100 942 2137 genus
977 2090 1158 2130 linearum

42 2162 194 2202 exsistit.
269 2162 325 2200 Ita
366 2161 482 2200 lineae
528 2170 718 2210 tangentes
753 2168 789 2198 et
834 2168 955 2198 rectae
992 2169 1028 2198 et
1069 2171 1156 2199 cur-

1090 2241 1157 2268 vae

83 2316 114 2352 1)
135 2315 171 2344 Ε.
195 2321 223 2349 3.
242 2313 435 2350 Newmn,
456 2313 486 2341 in
508 2315 567 2348 Op.
592 2320 695 2347 omn.,
716 2312 806 2340 Tom.
830 2312 855 2340 1.
879 2319 909 2347 p.
933 2318 1016 2346 ¹³33·
