1560 2860
502 268 894 316 ORATIO.
1166 271 1236 316 ’31

131 426 158 455 α
187 410 519 455 Stoicorum
579 423 630 455 ac
685 409 1243 469 Peripateticorum

129 504 156 531 α
187 489 536 544 Dogmatismus
551 485 1009 531 Academicorum
1032 485 1246 546 pepererit

129 579 156 607 (ί
190 565 537 619 Scepticismum
553 581 574 616 ,·
624 562 694 607 hic
734 570 871 607 autem
908 563 1000 622 ipse
1035 561 1081 606 in
1117 561 1246 606 Ale-

129 654 157 682 «
187 638 587 683 xandrinorum
615 637 767 683 abierit
790 638 1086 696 deflexeritque
1102 639 1244 695 Mys-

128 731 158 758 1(
187 717 431 760 tici-smum.
522 713 706 759 Novistis
722 745 734 767 ,
763 714 843 759 illis
875 707 1162 773 temporibus,
1193 727 1246 758 ex

131 806 157 834 «
190 789 451 848 defatigatis,
481 804 560 849 per
588 790 785 834 diuturna
816 790 1070 844 certamina,
1101 788 1246 834 erudi-

131 882 158 910 ε(
189 873 330 910 torum
369 866 545 925 ingeniis
587 866 817 912 Plotini
870 866 997 911 istam
1042 864 1249 910 exstitisse

131 957 158 985 «
190 948 230 985 et
260 941 579 986 Jamblichi
631 957 682 987 ac
732 943 931 988 Procli
987 941 1248 996 doctrinam,

133 1034 160 1061 ι(
192 1031 241 1061 ex
270 1017 391 1062 nullis
420 1031 508 1062 non
546 1017 903 1077 Philosophorum
935 1017 1101 1077 placitis
1139 1031 1249 1076 gen-

132 1108 159 1135 «
188 1093 376 1150 tiumque
413 1093 682 1152 religionibus
717 1095 939 1138 conflatam
955 1111 967 1149 3
1011 1108 1089 1154 per
1130 1093 1248 1151 cujus

131 1184 158 1211 α
189 1168 491 1213 absurditatem
517 1169 688 1213 tandem
715 1169 759 1213 in
789 1170 949 1213 fumum
978 1176 1019 1214 et
1047 1169 1246 1222 nebulas,

133 1260 161 1288 <t
191 1244 303 1304 proh
324 1245 465 1290 dolor!
498 1251 784 1299 evanesceret,
811 1260 835 1288 a
859 1243 1030 1289 summis
1050 1244 1149 1289 olim
1174 1244 1248 1288 in-·-

134 1337 161 1365 «
193 1321 323 1379 geniis
366 1322 557 1380 prosecta
572 1353 585 1376 ,
630 1328 671 1366 et
719 1336 797 1381 per
841 1328 1050 1366 terrarum
1097 1320 1248 1365 orbem

131 1413 159 1441 ι(
189 1397 399 1442 celebrata
415 1430 427 1451 ,
467 1397 727 1442 Graecorum
767 1396 991 1456 sapientia!
1053 1395 1247 1442 Caveatis

132 1488 160 1516 «
178 1472 374 1531 <igitur,”
399 1473 559 1530 inquit,
588 1491 614 1518 ((
631 1474 835 1528 caveatis,
864 1488 942 1527 ne,
963 1473 1138 1533 perlate
1163 1472 1249 1517 do-

135 1563 161 1591 «
190 1549 516 1606 minantemjam
533 1552 901 1607 Mysticismzcm‚
927 1564 1035 1606 quae
1063 1565 1111 1594 ex
1128 1549 1250 1594 simi-

135 1642 163 1670 «
193 1624 301 1669 libus
318 1625 418 1679 fere,
439 1640 551 1670 nunc
563 1626 700 1670 denuo
716 1624 982 1683 antegressis,
998 1624 1156 1670 caussis
1172 1639 1249 1671 ex-

136 1718 162 1746 α
193 1702 319 1756 stitit,
345 1702 489 1746 eadem
511 1701 556 1746 in
574 1700 893 1760 Philosophiam
915 1701 967 1745 de
978 1701 1073 1746 Deo
1089 1703 1249 1760 (neque

136 1794 162 1823 ox
192 1778 236 1822 in
263 1779 373 1823 hanc
408 1777 619 1836 tantum!)
665 1778 807 1823 clades
840 1777 1106 1822 inferatur!”
1140 1775 1247 1837 (28)

137 2034 139 2037 .
201 2006 324 2051 Nunc
354 2008 408 2052 ad
444 2009 618 2054 laetiora
655 2008 894 2063 veniamus3
926 2006 1001 2054 sed
1035 2020 1164 2064 quae,
1194 2019 1248 2050 ne

135 2085 285 2129 Vestra
311 2084 462 2129 abutar
483 2084 709 2145 patientia,
738 2084 817 2129 levi
839 2090 1002 2129 tantum
1026 2096 1155 2126 manu
1178 2094 1247 2126 me

137 2160 336 2219 attingere
375 2175 501 2221 posse
546 2162 684 2207 dole0.
745 2160 866 2218 Quae
920 2157 1028 2203 enim
1079 2161 1248 2202 huma-

137 2252 244 2278 num
269 2253 531 2293 cognoscere
549 2241 782 2294 ingenium
802 2236 955 2288 docet,
974 2249 1024 2279 ac
1039 2236 1247 2279 ‹ie-rebus

139 2312 320 2355 Divinis
344 2314 573 2371 prudenter
591 2315 944 2372 philosophari,
974 2319 1119 2357 nostra
1141 2311 1244 2356 His-

1173 2393 1244 2430 to·-
