1483 2860
268 201 296 239 6
493 193 1157 238 COMMENTATIO

272 308 322 347 tis
362 307 539 357 populis,
576 305 785 355 praesertim
833 305 942 344 etiam
988 305 1087 344 valet
1125 305 1172 342 de
1202 303 1382 342 Romanis

272 389 476 425 eorumque
503 376 664 425 legibus.
715 375 813 413 Illud
842 387 932 414 vero
954 375 994 413 in
1017 373 1148 423 primis
1173 374 1214 412 in
1238 374 1386 412 materia

272 447 319 486 de
350 445 664 485 conventionibus
696 444 925 484 observatur.
1000 442 1161 482 Romani
1209 443 1306 481 enim
1348 443 1388 481 in

274 518 342 557 hae
365 516 460 566 iuris
491 523 595 564 parte
630 514 816 563 peculiare
852 516 961 563 plane
994 514 1241 552 condiderunt
1272 512 1390 561 syste-

274 597 360 632 ma,
390 585 494 633 quod
529 583 704 633 deinceps
739 584 930 632 paullatim
955 584 1002 622 ad
1036 594 1158 621 mores
1189 583 1359 621 excultos
1375 609 1389 628 ‚

273 657 320 695 ad
344 663 497 694 auctum
534 654 574 692 in
610 652 742 703 primis
777 653 1042 692 commercium
1077 662 1114 692 et
1152 652 1389 702 negotiorum

272 723 523 773 frequentiam
558 722 864 772 composuerunt.
893 722 962 774 (1)
1013 723 1111 764 Nam
1149 735 1194 761 ex
1234 720 1392 771 simplici

273 794 481 836 voluntatis
505 794 750 832 declaratione
785 793 942 832 validam
978 793 1266 832 conventionem
1301 789 1395 829 oriri

274 859 506 913 noluerunt,
539 864 602 904 secl
650 864 721 902 alia
766 862 1039 911 requisiverunt
1059 891 1073 910 ‚
1120 874 1217 910 quae
1263 869 1396 900 natura

275 936 452 985 ignorat,
479 941 516 973 et
549 934 625 974 vim
661 934 761 975 illam
800 933 910 975 unice
930 944 953 971 a
979 934 1062 982 lege
1086 932 1187 971 civili
1213 930 1396 980 repetive-

274 1014 381 1045 runt.
432 1006 525 1044 Non
557 1015 686 1044 omnes
717 1003 871 1042 eandem
897 1002 1010 1052 hujus
1050 1001 1102 1040 rei
1126 999 1287 1041 afferunt
1309 1012 1398 1039 cau·

276 1074 378 1118 sam:
414 1076 499 1115 sunt
535 1075 656 1123 enim,
686 1074 752 1124 qui
785 1074 880 1114 illud
910 1074 956 1113 ab
982 1073 1127 1113 artibus
1151 1071 1396 1112 Patriciorum

276 1154 475 1196 repetant,
503 1146 568 1193 qui
595 1146 679 1185 ideo
707 1158 728 1185 a
753 1144 993 1194 simplicitate
1016 1143 1174 1182 naturali
1209 1141 1398 1180 recessisse

278 1217 475 1257 Romanos
507 1217 666 1265 dicunt,
704 1217 809 1266 quod
843 1213 984 1266 Plebeji
1017 1213 1190 1252 formulis
1228 1212 1398 1261 indigen-

278 1295 339 1327 tes
373 1288 420 1326 ad
452 1287 634 1327 Patricios
665 1287 836 1326 venirent
874 1285 941 1335 qui
968 1284 1016 1324 fic
1051 1295 1116 1323 eos
1142 1283 1212 1322 fibi
1235 1282 1399 1322 devinci·

278 1365 379 1397 rent.
410 1358 480 1408 (2)
531 1358 633 1397 Cum
674 1369 765 1397 vero
795 1357 911 1396 nullis
952 1355 1145 1394 historicis
1171 1353 1398 1393 testimoniis

279 1426 377 1467 illud
402 1427 670 1476 confirmatur,
706 1427 794 1467 huic
820 1426 991 1476 opinioni
1015 1427 1107 1465 fides
1131 1424 1299 1463 habenda
1319 1434 1399 1462 non

280 1506 357 1537 est.
403 1498 534 1537 Multo
562 1509 654 1536 vero
680 1497 805 1535 minus
833 1508 962 1535 eorum
990 1496 1206 1545 opinionem
1225 1494 1401 1544 amplecti

279 1567 511 1618 possumus,
549 1567 616 1616 qui
647 1567 687 1606 in
723 1567 791 1606 hac
831 1565 1147 1618 jurisprudentiae
1181 1573 1285 1614 palte
1309 1575 1404 1604 con-

283 1639 403 1678 denda
439 1638 635 1677 Romanos
678 1638 775 1689 juris
805 1637 999 1677 Naturalis
1035 1635 1303 1685 fimplicitatem
1329 1634 1404 1674 ser-

281 1709 386 1750 vasse
427 1711 670 1748 contendant.
698 1709 768 1759 (3)
818 1709 918 1747 Nam
947 1707 1083 1746 etiamsi
1110 1717 1240 1745 verum
1276 1703 1400 1753 esset,

281 1788 327 1840 ut
360 1780 444 1829 jure
468 1788 621 1818 naturae
646 1791 667 1818 e
691 1788 803 1828 pacto
827 1778 971 1817 nullum
1005 1778 1072 1828 jus
1097 1777 1276 1826 nullaque
1304 1774 1401 1814 obli·

284 1850 385 1907 gatio
409 1849 599 1899 perfecta,
634 1844 738 1891 nulla
760 1848 1004 1900 praestatione
1039 1847 1257 1898 accedente,
1288 1847 1404 1886 orire-

1341 1926 1405 1957 tur

305 1999 380 2040 ,(1)
398 1999 448 2029 ef.
468 1999 545 2028 den
566 1999 671 2033 Tex,
691 1998 728 2026 de
755 1996 873 2032 antiqui
900 1996 976 2030 juris
1000 1995 1161 2032 principiis
1185 1994 1216 2024 in
1234 1995 1403 2024 excolenda

285 2055 524 2091 ,iurisprudentia
542 2055 636 2084 Rom.
651 2055 822 2084 constanter
840 2054 966 2083 servatis
985 2063 1017 2090 p.
1042 2062 1107 2088 ¹¹5·

325 2113 380 2150 (ι’)
403 2113 455 2142 Cf.
489 2111 675 2147 Pothier‚
705 2111 809 2141 Traite
839 2113 892 2140 des
919 2112 1022 2147 Oblig.
1052 2112 1143 2140 Tom.
1161 2111 1189 2140 1.
1217 2110 1270 2140 11⁰.
1290 2117 1339 2148 191
1371 2115 1404 2140 et

285 2169 338 2207 qiu
365 2177 436 2199 eum
452 2167 576 2199 'refutat
595 2170 741 2199 Modde
754 2177 856 2199 rman
889 2170 919 2199 in
946 2170 1056 2198 Annal.
1075 2169 1172 2198 Acad.
1193 2168 1289 2198 Gron.
1313 2168 1403 2200 1816·

287 2232 374 2264 ἤδη.
397 2237 430 2264 p.
450 2237 489 2263 so
504 2236 572 2264 sqq.
591 2229 643 2264 qui
661 2229 699 2257 de
720 2235 785 2257 tota
802 2229 857 2257 hac
875 2228 1052 2264 quaestione
1078 2226 1195 2261 consuli
1211 2233 1357 2257 meretur.

288 2284 379 2333 ‚sm
398 2286 584 2316 Haben-us
605 2286 636 2315 in
657 2287 806 2316 Praelect.
831 2286 890 2320 jur.
913 2286 976 2327 civ.
998 2288 1034 2317 ad
1056 2287 1097 2317 Ta
1113 2287 1137 2316 1.
1160 2288 1198 2316 de
1209 2287 1244 2316 V.
1264 2282 1303 2316 S.
