1483 2860
415 200 1013 243 THEOLOGICA.
1236 203 1283 242 61

173 309 267 349 sedis
307 309 390 349 suae
427 309 651 349 adversarios
686 322 731 349 eo
775 309 924 349 facilius
960 309 1029 349 fibi
1066 309 1287 360 subjiceret,

172 392 368 430 procerum
393 381 646 419 Romanorum
672 380 798 418 odium
830 380 869 418 in
893 380 928 419 se
964 379 1193 428 concitavit,
1222 381 1289 428 qui

170 449 576 498 Normannis,1taliae
613 449 865 488 meridionalis
896 449 1070 498 legitimis
1103 449 1289 497 dominis,

169 518 241 559 sese
265 519 396 570 subjici
429 530 536 567 aegre
571 521 751 558 tulerunt.

220 590 278 628 Ut
317 600 406 628 vcro
455 589 692 627 remotiorem
740 588 914 638 Angliam
952 588 1021 629 fibi
1056 589 1284 639 devinciret,

168 658 353 697 Nicolaus
397 671 482 698 cum
525 659 629 708 Rege
672 659 848 698 Eduardo
906 670 1047 698 novum
1085 660 1170 698 iniit
1205 659 1289 699 foe-

165 730 235 768 dus
263 719 413 778 (1061)
434 757 447 777 ,
471 729 795 778 quo2amplisiima
831 730 914 779 Jura
943 730 1132 768 coenobio
1159 731 1289 769 West-

169 797 445 837 monasteriensi
483 798 609 847 dedit3
661 798 749 837 huic
778 799 901 848 enim,
940 800 1124 847 Paparum
1169 799 1285 849 vice,

169 868 356 907 universae
410 869 637 918 Anglicanae
685 868 870 908 Ecclesiae
934 869 1170 908 moderamen
1219 870 1286 908 tri-

164 938 349 977 buebatur
373 938 458 988 (1).

216 1007 355 1047 Pietate
380 1020 421 1047 ac
452 1008 620 1047 moribus
643 1008 718 1048 fuit
737 1008 890 1058 infignis
918 1009 1002 1058 (2).
1054 1008 1282 1058 Rationem,

168 1080 244 1126 qua
284 1089 350 1125 per
382 1086 457 1116 tres
488 1089 605 1117 annos
636 1078 720 1117 satis
750 1079 906 1117 feliciter
933 1079 1134 1118 Ecclesiam
1168 1079 1283 1118 admi·

163 1147 362 1194 nistravit,
385 1148 587 1198 majoribus
613 1147 826 1186 efferremus
847 1148 1018 1187 laudibus
1035 1176 1048 1196 ,
1063 1148 1131 1187 nifi
1156 1148 1195 1187 in
1219 1146 1279 1187 his

162 1216 271 1255 factis
302 1217 596 1257 Hildebrandum
635 1226 824 1257 auctorem
841 1247 854 1267 ‚
883 1218 939 1257 uti
968 1217 1139 1268 patebit,
1166 1218 1277 1257 habe-

155 1298 294 1326 remus-

654 1408 691 1458 §-
746 1420 784 1459 s·

380 1548 600 1588 Alexander
632 1549 689 1588 II.
730 1550 1048 1600 (ωσι-1073).

211 1690 425 1730 Cardinales
440 1718 454 1738 ,
482 1689 667 1727 tumultus
692 1688 737 1727 de
759 1688 928 1739 eligendo
954 1688 1106 1728 Nicolai
1129 1689 1274 1731 succes-

110 1754 114 1759 *
159 1761 239 1801 sore
264 1769 493 1809 metuentes,
531 1761 643 1810 jure,
678 1760 781 1807 quod
815 1759 935 1811 sibia
968 1759 1146 1799 defuncto
1172 1762 1272 1810 Papa

158 1833 282 1872 datum
308 1830 428 1870 fuerat
444 1859 458 1878 ‚
487 1830 539 1869 usi
557 1831 668 1878 sunt,
695 1838 758 1879 et,
785 1828 958 1869 suadente
982 1830 1238 1870 Hildebrando
1255 1860 1269 1880 ,

1187 1904 1270 1943 An-

191 2020 246 2058 (1)
267 2020 339 2051 vid.
361 2021 453 2057 Pagi
471 2023 507 2051 ad
523 2023 665 2052 Baton.
696 2023 839 2059 critica,
862 2023 900 2053 ad
917 2031 1026 2053 annum
1051 2033 1145 2061 1051,
1174 2025 1266 2055 Tom.

152 2080 205 2110 w.
227 2089 295 2116 pag.
319 2084 385 2118 ¹⁸9·
762 2080 765 2084 ”
1025 2086 1029 2092 “
1159 2086 1162 2089 ’
1211 2072 1216 2077 ⁴

192 2139 245 2173 (α)
265 2139 295 2176 J.
317 2137 459 2173 voigt,
481 2138 638 2174 inopere:
659 2136 916 2167 Rildebrand
934 2145 996 2182 etc.⁴
1018 2145 1086 2174 pag.
1108 2147 1155 2173 50.
1174 2134 1265 2167 valde

155 2193 267 2222 erravit
286 2202 355 2222 cum
376 2194 559 2223 Daminni
578 2195 616 2223 de
635 2194 810 2224 Alexandro
828 2196 868 2225 11.
891 2195 1098 2225 testimonium
1115 2197 1152 2225 ad
1169 2196 1264 2226 Nico·

155 2250 234 2277 hun
250 2250 389 2279 referret.
412 2250 484 2280 vid.
506 2253 540 2280 P.
562 2249 768 2286 Duminni,
788 2251 886 2287 Epist.
910 2252 979 2282 Lib.
1000 2253 1057 2282 111.
1075 2252 1171 2289 Epist.
1191 2248 1222 2290 43.
