1524 2850
397 274 864 313 onam-romam.
1114 281 1184 320 103

84 383 167 436 plus
198 384 423 434 pictoresque
433 398 450 433 ,·
473 384 570 422 snivi
589 381 682 420 d’un
706 382 889 433 parallele
918 392 962 419 en
979 388 1062 419 vers
1085 386 1123 417 et
1145 382 1199 417 ‘m

83 462 190 503 prosc
215 461 319 490 entre
337 452 377 490 la
404 450 586 490 Hollande
606 461 643 490 et
660 451 871 490 l'Hclvdtie.
899 450 1045 499 (Amst.
1060 446 1202 494 1825.)

86 522 254 560 Alterum
292 524 512 570 opusculum
551 521 791 560 inscribitur:
828 519 1007 566 Chadas,
1032 516 1199 557 nouvelle

85 589 322 630 Helvetienne
335 619 348 639 ‚
362 590 533 631 suiviedc
542 593 677 643 podsics
691 590 865 630 diverses.
893 588 1035 639 (Amst.
1058 586 1196 637 1828.)

86 660 176 711 Quo
211 659 248 699 in
283 659 486 709 posteriore
522 661 646 700 libello
685 661 828 699 auctius
851 660 996 709 repetiit
1020 668 1163 697 carmen
1175 684 1199 706 ,.

89 732 191 778 quod
210 740 312 769 antea
334 730 637 781 (Rheno-Traj.
666 743 700 769 a.
733 730 867 778 1826.)
894 729 1047 768 seorsim
1073 728 1194 771 edide-

89 808 145 840 rat
175 801 410 849 dixeratquez
459 801 645 853 l'Hospice
684 799 729 839 de
770 797 811 839 la
849 798 968 839 vallae
985 797 1060 852 stes
1093 796 1199 836 Vau-

89 868 439 912 dois-Pidmontais.
462 892 520 903 ·—
544 872 682 911 Verum
697 881 761 919 per
778 870 983 909 Literarum
997 868 1203 917 elegantio-

88 952 173 986 rum
204 938 417 981 suavitatem
441 941 589 979 minime
611 953 630 979 a
659 940 923 989 persequendis
955 937 1095 977 naviter
1117 945 1198 976 stu·

96 1015 166 1054 diis
194 1012 413 1062 theologicis
433 1020 612 1050 retentum
640 1021 720 1049 esse
738 1009 945 1056 Nostrum,
971 1009 1198 1047 documento

93 1095 149 1123 est
188 1085 268 1132 ejus
299 1081 587 1128 commentatio,
639 1091 732 1127 quae
777 1077 871 1118 infra
909 1078 947 1117 in
991 1078 1064 1116 hoc
1110 1077 1196 1125 ipso

93 1153 301 1192 Annalium
327 1151 453 1190 Tomo
479 1151 626 1199 legitur.
654 1150 713 1187 Sit
734 1149 815 1195 illi,
842 1147 965 1196 sitque
995 1147 1197 1195 omnibus,

95 1233 281 1272 quorum,
322 1221 438 1260 eheu!
480 1218 608 1258 funera
644 1219 873 1257 memoranda
911 1216 1050 1265 habui,
1087 1225 1198 1254 terra

91 1293 206 1339 levis,
246 1299 282 1330 et
312 1291 474 1329 molliter
500 1301 578 1328 ossa
600 1289 756 1328 cubent!
796 1287 904 1338 Quos
924 1296 1082 1326 cunctos
1121 1288 1195 1325 una

94 1361 316 1411 cogitatione
354 1361 501 1409 lugubri
537 1361 777 1408 complexus,
825 1363 993 1397 mecumt‘
1043 1386 1076 1407 „
1111 1357 1198 1397 Uti-

96 1459 128 1482 „
155 1431 309 1478 nam‚”
347 1431 526 1479 inquam,
568 1457 596 1477 ,‚
626 1439 662 1468 et
693 1441 762 1478 ego
793 1437 830 1467 et
858 1429 1077 1477 quicunque
1108 1428 1196 1467 haec

97 1531 130 1552 ‚‚
158 1502 286 1540 lecturi
315 1511 429 1548 sunt,
467 1501 515 1538 ita
541 1499 748 1549 fragilitatis
781 1499 939 1548 quisque
962 1509 1050 1538 suae
1079 1509 1198 1537 recor-

81 1591 130 1621 ·„
156 1573 308 1618 demur,
352 1581 394 1610 ut
425 1571 621 1620 sapientiae
649 1570 878 1609 Christianae
911 1568 1035 1608 fructu
1071 1569 1200 1619 augea·

98 1670 131 1691 ,‚
159 1653 240 1680 mur
256 1642 265 1679 ἱ
281 1641 306 1658 ”

148 1712 217 1750 His
246 1713 318 1760 Jam
361 1710 541 1758 scriptis,
583 1710 805 1757 opusculum
851 1710 896 1747 ad
938 1720 995 1747 me
1026 1708 1206 1759 affertur,

100 1783 201 1829 quod
232 1780 473 1819 inscribitur:
515 1779 547 1818 Τ
545 1779 648 1817 ribut
684 1778 728 1816 de
761 1788 903 1829 regrets
937 1783 1035 1830 pay&
1058 1789 1137 1829 par
1170 1780 1204 1818 le

98 1851 316 1891 Consistoire
346 1849 390 1888 de
410 1839 567 1900 PEglise
594 1849 786 1887 Wallonne
803 1847 1002 1887 d’Utrecht
1024 1850 1049 1886 ὰ
1074 1849 1114 1887 la
1132 1853 1207 1889 md-

100 1923 213 1959 moire
236 1919 280 1959 de
304 1920 390 1958 Mr.
403 1920 454 1959 L.
469 1919 513 1958 F.
535 1918 697 1958 Veren
712 1928 782 1966 et,
808 1917 997 1957 Candidas
1016 1917 1067 1957 du
1078 1919 1207 1958 Saint-

36 2012 43 2021 ι
99 1992 324 2041 Μίηίςιὲνες
351 1991 498 2039 (Amst.
531 1988 665 2038 1832.)
690 1989 753 2026 ubi
781 1997 817 2026 et
849 1999 888 2026 ea
910 1988 1063 2037 legitur,
1091 2000 1200 2037 quam

101 2063 261 2100 uitimam
300 2061 428 2099 habuit
458 2059 700 2105 Verenetius‚
743 2058 861 2097 oratio
894 2070 1019 2107 sacra,
1059 2069 1095 2096 et
1130 2059 1204 2108 ipsi

101 2131 301 2180 parentavit
330 2131 390 2169 Μ.
419 2132 469 2170 Λ.
496 2140 587 2168 van
610 2130 692 2167 der
728 2128 897 2177 Bank,
932 2128 1002 2167 Vir
1033 2140 1206 2168 veneran-

102 2201 198 2248 dus,
224 2201 331 2250 quus
358 2199 572 2239 humanitati
597 2200 754 2238 multum
779 2199 839 2237 ille
869 2199 1011 2238 debuit.

152 2335 249 2385 Pag.
278 2335 341 2383 67.
369 2335 461 2384 (41)
489 2333 561 2374 Hic
581 2335 728 2386 iuvenis
752 2336 1113 2385 praestantissimus,
1141 2335 1206 2382 qui

1144 2415 1205 2442 so·
