<?xml version="1.0" encoding="UTF-8"?>
<!DOCTYPE html PUBLIC "-//W3C//DTD XHTML 1.0 Transitional//EN"
    "http://www.w3.org/TR/xhtml1/DTD/xhtml1-transitional.dtd">
<html xmlns="http://www.w3.org/1999/xhtml" xml:lang="en" lang="en">
 <head>
  <title>
</title>
<meta http-equiv="Content-Type" content="text/html;charset=utf-8" />
  <meta name='ocr-system' content='tesseract 3.04.00' />
  <meta name='ocr-capabilities' content='ocr_page ocr_carea ocr_par ocr_line ocrx_word'/>
</head>
<body>
  <div class='ocr_page' id='page_1' title='image "annalesacademiae29acad_0828.png"; bbox 0 0 1483 2860; ppageno 0'>
   <div class='ocr_carea' id='block_1_1' title="bbox 179 169 1072 227">
    <p class='ocr_par' dir='ltr' id='par_1_1' title="bbox 179 169 1072 227">
     <span class='ocr_line' id='line_1_1' title="bbox 179 169 1072 227; baseline -0.002 -11"><span class='ocrx_word' id='word_1_1' title='bbox 179 190 226 227; x_wconf 81' lang='lat'><strong>32</strong></span> <span class='ocrx_word' id='word_1_2' title='bbox 398 169 1072 214; x_wconf 81' lang='lat' dir='ltr'><strong>COMMENTATIO</strong></span> 
     </span>
    </p>
   </div>
   <div class='ocr_carea' id='block_1_2' title="bbox 175 280 1314 1938">
    <p class='ocr_par' dir='ltr' id='par_1_2' title="bbox 175 280 1314 1938">
     <span class='ocr_line' id='line_1_2' title="bbox 177 280 1295 335; baseline 0.003 -12"><span class='ocrx_word' id='word_1_3' title='bbox 177 294 259 325; x_wconf 88' lang='lat' dir='ltr'><strong>tum</strong></span> <span class='ocrx_word' id='word_1_4' title='bbox 292 291 329 321; x_wconf 90' lang='lat' dir='ltr'><strong>et</strong></span> <span class='ocrx_word' id='word_1_5' title='bbox 361 288 461 321; x_wconf 88' lang='lat' dir='ltr'><strong>certa</strong></span> <span class='ocrx_word' id='word_1_6' title='bbox 494 280 686 320; x_wconf 86' lang='lat' dir='ltr'><strong>carbonici</strong></span> <span class='ocrx_word' id='word_1_7' title='bbox 719 281 936 332; x_wconf 82' lang='lat' dir='ltr'><strong>quantitas3</strong></span> <span class='ocrx_word' id='word_1_8' title='bbox 988 282 1030 322; x_wconf 89' lang='lat' dir='ltr'><strong>in</strong></span> <span class='ocrx_word' id='word_1_9' title='bbox 1063 293 1295 335; x_wconf 86' lang='lat' dir='ltr'><strong>quocunque</strong></span> 
     </span>
     <span class='ocr_line' id='line_1_3' title="bbox 176 350 1295 406; baseline 0.004 -14"><span class='ocrx_word' id='word_1_10' title='bbox 176 361 320 406; x_wconf 89' lang='lat' dir='ltr'><strong>puncto</strong></span> <span class='ocrx_word' id='word_1_11' title='bbox 336 351 477 391; x_wconf 74' lang='lat' dir='ltr'><strong>vmassae</strong></span> <span class='ocrx_word' id='word_1_12' title='bbox 493 350 760 400; x_wconf 85' lang='lat' dir='ltr'><strong>decompofitio</strong></span> <span class='ocrx_word' id='word_1_13' title='bbox 783 352 910 391; x_wconf 90' lang='lat' dir='ltr'><strong>locum</strong></span> <span class='ocrx_word' id='word_1_14' title='bbox 930 352 1088 402; x_wconf 85' lang='lat' dir='ltr'><strong>habeat,</strong></span> <span class='ocrx_word' id='word_1_15' title='bbox 1113 354 1295 405; x_wconf 80' lang='lat' dir='ltr'><strong>integram</strong></span> 
     </span>
     <span class='ocr_line' id='line_1_4' title="bbox 177 420 1296 475; baseline 0 -11"><span class='ocrx_word' id='word_1_16' title='bbox 177 433 301 464; x_wconf 89' lang='lat' dir='ltr'><strong>tamen</strong></span> <span class='ocrx_word' id='word_1_17' title='bbox 323 422 475 461; x_wconf 87' lang='lat' dir='ltr'><strong>massam</strong></span> <span class='ocrx_word' id='word_1_18' title='bbox 501 421 685 470; x_wconf 87' lang='lat' dir='ltr'><strong>producta</strong></span> <span class='ocrx_word' id='word_1_19' title='bbox 718 420 924 470; x_wconf 86' lang='lat' dir='ltr'><strong>gazformia</strong></span> <span class='ocrx_word' id='word_1_20' title='bbox 956 422 1114 462; x_wconf 87' lang='lat' dir='ltr'><strong>transire</strong></span> <span class='ocrx_word' id='word_1_21' title='bbox 1132 424 1296 475; x_wconf 89' lang='lat' dir='ltr'><strong>debent,</strong></span> 
     </span>
     <span class='ocr_line' id='line_1_5' title="bbox 176 489 1297 543; baseline -0.002 -7"><span class='ocrx_word' id='word_1_22' title='bbox 176 503 374 543; x_wconf 84' lang='lat' dir='ltr'><strong>antequam</strong></span> <span class='ocrx_word' id='word_1_23' title='bbox 404 491 503 529; x_wconf 86' lang='lat' dir='ltr'><strong>exire</strong></span> <span class='ocrx_word' id='word_1_24' title='bbox 534 489 693 538; x_wconf 87' lang='lat' dir='ltr'><strong>possunt</strong></span> <span class='ocrx_word' id='word_1_25' title='bbox 727 499 794 538; x_wconf 82' lang='lat' dir='ltr'><strong>per</strong></span> <span class='ocrx_word' id='word_1_26' title='bbox 823 490 1009 531; x_wconf 87' lang='lat' dir='ltr'>orificium</span> <span class='ocrx_word' id='word_1_27' title='bbox 1032 492 1101 532; x_wconf 87' lang='lat' dir='ltr'><strong>hac</strong></span> <span class='ocrx_word' id='word_1_28' title='bbox 1123 493 1171 532; x_wconf 90' lang='lat' dir='ltr'><strong>de</strong></span> <span class='ocrx_word' id='word_1_29' title='bbox 1187 494 1297 535; x_wconf 84' lang='lat' dir='ltr'><strong>causa</strong></span> 
     </span>
     <span class='ocr_line' id='line_1_6' title="bbox 175 557 1299 608; baseline -0.001 -3"><span class='ocrx_word' id='word_1_30' title='bbox 175 565 224 605; x_wconf 87' lang='lat' dir='ltr'><strong>ad</strong></span> <span class='ocrx_word' id='word_1_31' title='bbox 257 562 470 602; x_wconf 84' lang='lat' dir='ltr'><strong>inferiorem</strong></span> <span class='ocrx_word' id='word_1_32' title='bbox 495 566 636 608; x_wconf 86' lang='lat' dir='ltr'><strong>partem</strong></span> <span class='ocrx_word' id='word_1_33' title='bbox 665 557 762 597; x_wconf 77' lang='lat' dir='ltr'><strong>vasis</strong></span> <span class='ocrx_word' id='word_1_34' title='bbox 788 558 1059 600; x_wconf 90' lang='lat' dir='ltr'><strong>constructum.</strong></span> <span class='ocrx_word' id='word_1_35' title='bbox 1110 562 1299 604; x_wconf 86' lang='lat' dir='ltr'><strong>Producta</strong></span> 
     </span>
     <span class='ocr_line' id='line_1_7' title="bbox 177 629 1298 678; baseline -0.002 -3"><span class='ocrx_word' id='word_1_36' title='bbox 177 642 303 675; x_wconf 87' lang='lat' dir='ltr'><strong>autem</strong></span> <span class='ocrx_word' id='word_1_37' title='bbox 350 631 439 678; x_wconf 81' lang='lat' dir='ltr'><strong>illa,</strong></span> <span class='ocrx_word' id='word_1_38' title='bbox 494 636 697 678; x_wconf 86' lang='lat' dir='ltr'><strong>postquam</strong></span> <span class='ocrx_word' id='word_1_39' title='bbox 742 629 956 678; x_wconf 88' lang='lat' dir='ltr'>cylindrum</span> <span class='ocrx_word' id='word_1_40' title='bbox 995 629 1216 672; x_wconf 88' lang='lat' dir='ltr'><strong>intraverint</strong></span> <span class='ocrx_word' id='word_1_41' title='bbox 1255 633 1298 673; x_wconf 90' lang='lat' dir='ltr'><strong>in</strong></span> 
     </span>
     <span class='ocr_line' id='line_1_8' title="bbox 179 698 1298 749; baseline 0 -6"><span class='ocrx_word' id='word_1_42' title='bbox 179 702 444 743; x_wconf 84' lang='lat' dir='ltr'><strong>condensatore</strong></span> <span class='ocrx_word' id='word_1_43' title='bbox 474 698 773 747; x_wconf 80' lang='lat' dir='ltr'>condensantur,</span> <span class='ocrx_word' id='word_1_44' title='bbox 802 706 916 747; x_wconf 88' lang='lat' dir='ltr'><strong>atque</strong></span> <span class='ocrx_word' id='word_1_45' title='bbox 931 699 979 739; x_wconf 90' lang='lat' dir='ltr'><strong>fic</strong></span> <span class='ocrx_word' id='word_1_46' title='bbox 1003 711 1123 749; x_wconf 79' lang='lat' dir='ltr'><strong>aqua,</strong></span> <span class='ocrx_word' id='word_1_47' title='bbox 1148 702 1298 743; x_wconf 86' lang='lat' dir='ltr'><strong>acidum</strong></span> 
     </span>
     <span class='ocr_line' id='line_1_9' title="bbox 177 765 1300 829; baseline -0.002 -16"><span class='ocrx_word' id='word_1_48' title='bbox 177 773 372 829; x_wconf 76' lang='lat' dir='ltr'><strong>aceticum</strong></span> <span class='ocrx_word' id='word_1_49' title='bbox 387 779 424 809; x_wconf 84' lang='lat' dir='ltr'><strong>et</strong></span> <span class='ocrx_word' id='word_1_50' title='bbox 449 768 618 809; x_wconf 88' lang='lat' dir='ltr'><strong>materies</strong></span> <span class='ocrx_word' id='word_1_51' title='bbox 648 765 770 806; x_wconf 85' lang='lat' dir='ltr'><strong>oleosa</strong></span> <span class='ocrx_word' id='word_1_52' title='bbox 798 769 1019 809; x_wconf 87' lang='lat' dir='ltr'><strong>condensata</strong></span> <span class='ocrx_word' id='word_1_53' title='bbox 1046 781 1114 818; x_wconf 84' lang='lat' dir='ltr'><strong>per</strong></span> <span class='ocrx_word' id='word_1_54' title='bbox 1141 781 1300 820; x_wconf 88' lang='lat' dir='ltr'><strong>parvum</strong></span> 
     </span>
     <span class='ocr_line' id='line_1_10' title="bbox 181 839 1300 893; baseline -0.001 -11"><span class='ocrx_word' id='word_1_55' title='bbox 181 840 423 893; x_wconf 84' lang='lat' dir='ltr'><strong>epistomium</strong></span> <span class='ocrx_word' id='word_1_56' title='bbox 447 839 488 877; x_wconf 90' lang='lat' dir='ltr'><strong>in</strong></span> <span class='ocrx_word' id='word_1_57' title='bbox 511 849 711 880; x_wconf 87' lang='lat' dir='ltr'><strong>commune</strong></span> <span class='ocrx_word' id='word_1_58' title='bbox 735 839 1011 887; x_wconf 75' lang='lat' dir='ltr'><strong>receptaculum</strong></span> <span class='ocrx_word' id='word_1_59' title='bbox 1034 839 1175 881; x_wconf 90' lang='lat' dir='ltr'><strong>fluunt.</strong></span> <span class='ocrx_word' id='word_1_60' title='bbox 1204 840 1300 881; x_wconf 69' lang='lat' dir='ltr'><strong>Gaz</strong></span> 
     </span>
     <span class='ocr_line' id='line_1_11' title="bbox 178 906 1303 958; baseline -0.001 -6"><span class='ocrx_word' id='word_1_61' title='bbox 178 923 271 953; x_wconf 91' lang='lat' dir='ltr'><strong>vero</strong></span> <span class='ocrx_word' id='word_1_62' title='bbox 306 911 453 950; x_wconf 82' lang='lat' dir='ltr'><strong>acidum</strong></span> <span class='ocrx_word' id='word_1_63' title='bbox 491 906 732 948; x_wconf 86' lang='lat' dir='ltr'><strong>carbonicum</strong></span> <span class='ocrx_word' id='word_1_64' title='bbox 746 937 759 956; x_wconf 64' lang='lat'><em>2</em></span> <span class='ocrx_word' id='word_1_65' title='bbox 811 908 1091 958; x_wconf 85' lang='lat' dir='ltr'><strong>hydrogenium</strong></span> <span class='ocrx_word' id='word_1_66' title='bbox 1121 909 1303 951; x_wconf 84' lang='lat' dir='ltr'><strong>carbona-</strong></span> 
     </span>
     <span class='ocr_line' id='line_1_12' title="bbox 180 976 1302 1030; baseline -0.001 -8"><span class='ocrx_word' id='word_1_67' title='bbox 180 991 262 1022; x_wconf 84' lang='lat' dir='ltr'><strong>tum</strong></span> <span class='ocrx_word' id='word_1_68' title='bbox 293 989 332 1020; x_wconf 90' lang='lat' dir='ltr'><strong>et</strong></span> <span class='ocrx_word' id='word_1_69' title='bbox 358 980 526 1030; x_wconf 88' lang='lat' dir='ltr'><strong>oxydum</strong></span> <span class='ocrx_word' id='word_1_70' title='bbox 559 976 736 1018; x_wconf 86' lang='lat' dir='ltr'><strong>carbonis</strong></span> <span class='ocrx_word' id='word_1_71' title='bbox 759 988 826 1027; x_wconf 91' lang='lat' dir='ltr'><strong>per</strong></span> <span class='ocrx_word' id='word_1_72' title='bbox 850 978 1055 1018; x_wconf 88' lang='lat' dir='ltr'><strong>secundum</strong></span> <span class='ocrx_word' id='word_1_73' title='bbox 1087 980 1302 1030; x_wconf 81' lang='lat' dir='ltr'><strong>cylindrum</strong></span> 
     </span>
     <span class='ocr_line' id='line_1_13' title="bbox 179 1044 1304 1100; baseline -0.002 -7"><span class='ocrx_word' id='word_1_74' title='bbox 179 1044 408 1094; x_wconf 86' lang='lat' dir='ltr'><strong>adscendunt</strong></span> <span class='ocrx_word' id='word_1_75' title='bbox 436 1058 550 1100; x_wconf 88' lang='lat' dir='ltr'><strong>atque</strong></span> <span class='ocrx_word' id='word_1_76' title='bbox 577 1048 619 1088; x_wconf 86' lang='lat' dir='ltr'><strong>in</strong></span> <span class='ocrx_word' id='word_1_77' title='bbox 646 1047 763 1088; x_wconf 89' lang='lat' dir='ltr'><strong>furno</strong></span> <span class='ocrx_word' id='word_1_78' title='bbox 784 1048 831 1088; x_wconf 82' lang='lat' dir='ltr'><strong>ad</strong></span> <span class='ocrx_word' id='word_1_79' title='bbox 857 1048 1159 1090; x_wconf 88' lang='lat' dir='ltr'><strong>combustionem</strong></span> <span class='ocrx_word' id='word_1_80' title='bbox 1188 1049 1304 1091; x_wconf 87' lang='lat' dir='ltr'><strong>inser-</strong></span> 
     </span>
     <span class='ocr_line' id='line_1_14' title="bbox 181 1123 1210 1172; baseline -0.004 -8"><span class='ocrx_word' id='word_1_81' title='bbox 181 1123 307 1164; x_wconf 81' lang='lat' dir='ltr'><strong>viunt.</strong></span> <span class='ocrx_word' id='word_1_82' title='bbox 343 1161 347 1172; x_wconf 73' lang='grc'>,</span> <span class='ocrx_word' id='word_1_83' title='bbox 1207 1170 1210 1172; x_wconf 15' lang='lat' dir='ltr'>v</span> 
     </span>
     <span class='ocr_line' id='line_1_15' title="bbox 232 1188 1300 1240; baseline 0 -8"><span class='ocrx_word' id='word_1_84' title='bbox 232 1191 447 1232; x_wconf 87' lang='lat' dir='ltr'><strong>Secundum</strong></span> <span class='ocrx_word' id='word_1_85' title='bbox 479 1189 584 1230; x_wconf 87' lang='lat' dir='ltr'><strong>Clar.</strong></span> <span class='ocrx_word' id='word_1_86' title='bbox 629 1188 656 1229; x_wconf 93' lang='lat' dir='ltr'>S</span> <span class='ocrx_word' id='word_1_87' title='bbox 670 1197 687 1229; x_wconf 91' lang='lat' dir='ltr'><strong>t</strong></span> <span class='ocrx_word' id='word_1_88' title='bbox 701 1189 814 1229; x_wconf 87' lang='lat' dir='ltr'><strong>oltz</strong></span> <span class='ocrx_word' id='word_1_89' title='bbox 828 1201 850 1228; x_wconf 90' lang='lat' dir='ltr'><strong>e</strong></span> <span class='ocrx_word' id='word_1_90' title='bbox 885 1191 1030 1240; x_wconf 85' lang='lat' dir='ltr'><strong>lignum</strong></span> <span class='ocrx_word' id='word_1_91' title='bbox 1067 1190 1300 1232; x_wconf 86' lang='lat' dir='ltr'><strong>diversorum</strong></span> 
     </span>
     <span class='ocr_line' id='line_1_16' title="bbox 181 1258 1303 1310; baseline -0.002 -8"><span class='ocrx_word' id='word_1_92' title='bbox 181 1262 360 1302; x_wconf 87' lang='lat' dir='ltr'><strong>arborum</strong></span> <span class='ocrx_word' id='word_1_93' title='bbox 372 1289 387 1309; x_wconf 85' lang='lat'>‚</span> <span class='ocrx_word' id='word_1_94' title='bbox 408 1259 524 1300; x_wconf 71' lang='lat' dir='ltr'><strong>resina</strong></span> <span class='ocrx_word' id='word_1_95' title='bbox 542 1267 580 1297; x_wconf 90' lang='lat' dir='ltr'><strong>et</strong></span> <span class='ocrx_word' id='word_1_96' title='bbox 592 1258 675 1297; x_wconf 80' lang='lat' dir='ltr'><strong>aliis</strong></span> <span class='ocrx_word' id='word_1_97' title='bbox 692 1258 862 1308; x_wconf 88' lang='lat' dir='ltr'><strong>partibus</strong></span> <span class='ocrx_word' id='word_1_98' title='bbox 880 1258 1104 1299; x_wconf 90' lang='lat' dir='ltr'><strong>solubilibus</strong></span> <span class='ocrx_word' id='word_1_99' title='bbox 1114 1260 1273 1300; x_wconf 86' lang='lat' dir='ltr'><strong>liberum</strong></span> <span class='ocrx_word' id='word_1_100' title='bbox 1285 1289 1303 1310; x_wconf 88' lang='lat'>‚</span> 
     </span>
     <span class='ocr_line' id='line_1_17' title="bbox 184 1327 1304 1383; baseline -0.002 -11"><span class='ocrx_word' id='word_1_101' title='bbox 184 1333 374 1383; x_wconf 83' lang='lat' dir='ltr'><strong>aequalem</strong></span> <span class='ocrx_word' id='word_1_102' title='bbox 394 1329 638 1378; x_wconf 85' lang='lat' dir='ltr'><strong>quantitatem</strong></span> <span class='ocrx_word' id='word_1_103' title='bbox 665 1327 772 1368; x_wconf 90' lang='lat' dir='ltr'><strong>fluidi</strong></span> <span class='ocrx_word' id='word_1_104' title='bbox 797 1328 974 1368; x_wconf 86' lang='lat' dir='ltr'><strong>destillati</strong></span> <span class='ocrx_word' id='word_1_105' title='bbox 994 1329 1167 1379; x_wconf 86' lang='lat' dir='ltr'><strong>exhibet,</strong></span> <span class='ocrx_word' id='word_1_106' title='bbox 1180 1330 1304 1383; x_wconf 66' lang='lat' dir='ltr'><strong>diver7</strong></span> 
     </span>
     <span class='ocr_line' id='line_1_18' title="bbox 186 1387 1306 1452; baseline -0.008 -10"><span class='ocrx_word' id='word_1_107' title='bbox 186 1387 223 1442; x_wconf 68' lang='lat' dir='ltr'><strong>sa</strong></span> <span class='ocrx_word' id='word_1_108' title='bbox 243 1408 367 1452; x_wconf 87' lang='lat' dir='ltr'><strong>autem</strong></span> <span class='ocrx_word' id='word_1_109' title='bbox 382 1427 396 1448; x_wconf 83' lang='lat'>‚</span> <span class='ocrx_word' id='word_1_110' title='bbox 411 1410 490 1448; x_wconf 91' lang='lat' dir='ltr'><strong>quo</strong></span> <span class='ocrx_word' id='word_1_111' title='bbox 512 1398 558 1437; x_wconf 87' lang='lat' dir='ltr'><strong>ad</strong></span> <span class='ocrx_word' id='word_1_112' title='bbox 578 1398 724 1437; x_wconf 88' lang='lat' dir='ltr'><strong>acidum</strong></span> <span class='ocrx_word' id='word_1_113' title='bbox 747 1397 931 1437; x_wconf 89' lang='lat' dir='ltr'><strong>aceticum</strong></span> <span class='ocrx_word' id='word_1_114' title='bbox 956 1407 1176 1451; x_wconf 78' lang='lat' dir='ltr'><strong>contentum</strong></span> <span class='ocrx_word' id='word_1_115' title='bbox 1188 1427 1201 1447; x_wconf 89' lang='lat'><strong>‚</strong></span> <span class='ocrx_word' id='word_1_116' title='bbox 1214 1411 1306 1450; x_wconf 88' lang='lat' dir='ltr'><strong>pro.</strong></span> 
     </span>
     <span class='ocr_line' id='line_1_19' title="bbox 187 1466 1313 1523; baseline -0.001 -13"><span class='ocrx_word' id='word_1_117' title='bbox 187 1471 380 1522; x_wconf 84' lang='lat' dir='ltr'><strong>portione.</strong></span> <span class='ocrx_word' id='word_1_118' title='bbox 444 1469 507 1508; x_wconf 93' lang='lat' dir='ltr'><strong>Sic</strong></span> <span class='ocrx_word' id='word_1_119' title='bbox 538 1468 664 1523; x_wconf 85' lang='lat' dir='ltr'><strong>betula</strong></span> <span class='ocrx_word' id='word_1_120' title='bbox 698 1468 782 1520; x_wconf 82' lang='lat' dir='ltr'><strong>alba</strong></span> <span class='ocrx_word' id='word_1_121' title='bbox 813 1476 851 1505; x_wconf 89' lang='lat' dir='ltr'><strong>et</strong></span> <span class='ocrx_word' id='word_1_122' title='bbox 884 1466 993 1517; x_wconf 83' lang='lat' dir='ltr'><strong>fagus</strong></span> <span class='ocrx_word' id='word_1_123' title='bbox 1020 1466 1197 1517; x_wconf 87' lang='lat' dir='ltr'><strong>sylvatica</strong></span> <span class='ocrx_word' id='word_1_124' title='bbox 1227 1480 1313 1509; x_wconf 89' lang='lat' dir='ltr'><strong>om-</strong></span> 
     </span>
     <span class='ocr_line' id='line_1_20' title="bbox 185 1537 1307 1588; baseline -0.004 -5"><span class='ocrx_word' id='word_1_125' title='bbox 185 1542 293 1583; x_wconf 92' lang='lat' dir='ltr'><strong>nium</strong></span> <span class='ocrx_word' id='word_1_126' title='bbox 324 1541 515 1588; x_wconf 89' lang='lat' dir='ltr'><strong>lignorum</strong></span> <span class='ocrx_word' id='word_1_127' title='bbox 546 1537 750 1586; x_wconf 89' lang='lat' dir='ltr'><strong>specierum</strong></span> <span class='ocrx_word' id='word_1_128' title='bbox 782 1537 1004 1586; x_wconf 85' lang='lat' dir='ltr'><strong>maximam,</strong></span> <span class='ocrx_word' id='word_1_129' title='bbox 1036 1537 1189 1585; x_wconf 78' lang='lat' dir='ltr'><strong>arbores</strong></span> <span class='ocrx_word' id='word_1_130' title='bbox 1215 1550 1307 1579; x_wconf 89' lang='lat' dir='ltr'><strong>vero</strong></span> 
     </span>
     <span class='ocr_line' id='line_1_21' title="bbox 187 1606 1307 1664; baseline -0.004 -12"><span class='ocrx_word' id='word_1_131' title='bbox 187 1610 374 1664; x_wconf 81' lang='lat' dir='ltr'><strong>coniferae</strong></span> <span class='ocrx_word' id='word_1_132' title='bbox 398 1608 586 1654; x_wconf 85' lang='lat' dir='ltr'><strong>minimam</strong></span> <span class='ocrx_word' id='word_1_133' title='bbox 624 1606 720 1646; x_wconf 82' lang='lat' dir='ltr'><strong>acidi</strong></span> <span class='ocrx_word' id='word_1_134' title='bbox 755 1607 886 1646; x_wconf 89' lang='lat' dir='ltr'><strong>acetici</strong></span> <span class='ocrx_word' id='word_1_135' title='bbox 920 1606 1161 1657; x_wconf 73' lang='lat' dir='ltr'><strong>quantitatem</strong></span> <span class='ocrx_word' id='word_1_136' title='bbox 1199 1620 1307 1658; x_wconf 87' lang='lat' dir='ltr'><strong>prae-</strong></span> 
     </span>
     <span class='ocr_line' id='line_1_22' title="bbox 189 1678 1310 1730; baseline -0.001 -9"><span class='ocrx_word' id='word_1_137' title='bbox 189 1682 283 1721; x_wconf 90' lang='lat' dir='ltr'><strong>bent</strong></span> <span class='ocrx_word' id='word_1_138' title='bbox 311 1681 370 1730; x_wconf 84' lang='lat'><strong>1).</strong></span> <span class='ocrx_word' id='word_1_139' title='bbox 423 1679 511 1718; x_wconf 90' lang='lat' dir='ltr'><strong>Hoc</strong></span> <span class='ocrx_word' id='word_1_140' title='bbox 538 1686 682 1717; x_wconf 89' lang='lat' dir='ltr'><strong>acetum</strong></span> <span class='ocrx_word' id='word_1_141' title='bbox 705 1678 797 1728; x_wconf 86' lang='lat' dir='ltr'><strong>ligni</strong></span> <span class='ocrx_word' id='word_1_142' title='bbox 820 1678 976 1717; x_wconf 90' lang='lat' dir='ltr'><strong>crudum</strong></span> <span class='ocrx_word' id='word_1_143' title='bbox 993 1679 1119 1728; x_wconf 90' lang='lat' dir='ltr'><strong>plures</strong></span> <span class='ocrx_word' id='word_1_144' title='bbox 1139 1678 1310 1726; x_wconf 69' lang='lat' dir='ltr'><strong>substan-</strong></span> 
     </span>
     <span class='ocr_line' id='line_1_23' title="bbox 192 1738 1314 1801; baseline -0.003 -9"><span class='ocrx_word' id='word_1_145' title='bbox 192 1753 265 1792; x_wconf 86' lang='lat' dir='ltr'><strong>tias</strong></span> <span class='ocrx_word' id='word_1_146' title='bbox 296 1738 510 1801; x_wconf 83' lang='lat' dir='ltr'><strong>peregrinas</strong></span> <span class='ocrx_word' id='word_1_147' title='bbox 539 1748 736 1797; x_wconf 90' lang='lat' dir='ltr'><strong>continet,</strong></span> <span class='ocrx_word' id='word_1_148' title='bbox 787 1760 810 1787; x_wconf 87' lang='lat' dir='ltr'><strong>a</strong></span> <span class='ocrx_word' id='word_1_149' title='bbox 843 1747 983 1797; x_wconf 86' lang='lat' dir='ltr'><strong>quibus</strong></span> <span class='ocrx_word' id='word_1_150' title='bbox 1016 1748 1212 1797; x_wconf 82' lang='lat' dir='ltr'><strong>depurgari</strong></span> <span class='ocrx_word' id='word_1_151' title='bbox 1247 1750 1314 1789; x_wconf 90' lang='lat' dir='ltr'><strong>de·</strong></span> 
     </span>
     <span class='ocr_line' id='line_1_24' title="bbox 194 1807 1312 1872; baseline -0.004 -10"><span class='ocrx_word' id='word_1_152' title='bbox 194 1824 289 1872; x_wconf 85' lang='lat' dir='ltr'><strong>bet;</strong></span> <span class='ocrx_word' id='word_1_153' title='bbox 316 1807 420 1861; x_wconf 81' lang='lat' dir='ltr'><strong>¹hanc</strong></span> <span class='ocrx_word' id='word_1_154' title='bbox 455 1832 545 1861; x_wconf 90' lang='lat' dir='ltr'><strong>vero</strong></span> <span class='ocrx_word' id='word_1_155' title='bbox 573 1818 853 1869; x_wconf 89' lang='lat' dir='ltr'><strong>depurationem</strong></span> <span class='ocrx_word' id='word_1_156' title='bbox 887 1817 1009 1868; x_wconf 86' lang='lat' dir='ltr'><strong>capite</strong></span> <span class='ocrx_word' id='word_1_157' title='bbox 1037 1826 1187 1857; x_wconf 90' lang='lat' dir='ltr'><strong>nostrae</strong></span> <span class='ocrx_word' id='word_1_158' title='bbox 1207 1829 1312 1858; x_wconf 89' lang='lat' dir='ltr'><strong>com-</strong></span> 
     </span>
     <span class='ocr_line' id='line_1_25' title="bbox 196 1885 1259 1938; baseline -0.004 -5"><span class='ocrx_word' id='word_1_159' title='bbox 196 1892 435 1934; x_wconf 87' lang='lat' dir='ltr'><strong>mentationis</strong></span> <span class='ocrx_word' id='word_1_160' title='bbox 467 1891 579 1931; x_wconf 92' lang='lat' dir='ltr'><strong>tertio</strong></span> <span class='ocrx_word' id='word_1_161' title='bbox 605 1889 809 1930; x_wconf 90' lang='lat' dir='ltr'><strong>describere</strong></span> <span class='ocrx_word' id='word_1_162' title='bbox 833 1888 945 1928; x_wconf 89' lang='lat' dir='ltr'><strong>nobis</strong></span> <span class='ocrx_word' id='word_1_163' title='bbox 975 1885 1259 1938; x_wconf 87' lang='lat' dir='ltr'><strong>proposuimus.</strong></span> 
     </span>
    </p>
   </div>
   <div class='ocr_carea' id='block_1_3' title="bbox 202 2052 1310 2153">
    <p class='ocr_par' dir='ltr' id='par_1_3' title="bbox 202 2052 1310 2153">
     <span class='ocr_line' id='line_1_26' title="bbox 241 2052 1310 2097; baseline -0.005 -9"><span class='ocrx_word' id='word_1_164' title='bbox 241 2059 273 2096; x_wconf 88' lang='lat'><strong>1)</strong></span> <span class='ocrx_word' id='word_1_165' title='bbox 294 2059 385 2088; x_wconf 76' lang='lat' dir='ltr'><strong>Cons.</strong></span> <span class='ocrx_word' id='word_1_166' title='bbox 407 2058 436 2097; x_wconf 88' lang='lat' dir='ltr'><strong>J.</strong></span> <span class='ocrx_word' id='word_1_167' title='bbox 455 2059 483 2096; x_wconf 86' lang='lat' dir='ltr'><strong>J.</strong></span> <span class='ocrx_word' id='word_1_168' title='bbox 506 2058 527 2087; x_wconf 90' lang='lat' dir='ltr'>B</span> <span class='ocrx_word' id='word_1_169' title='bbox 537 2064 553 2086; x_wconf 91' lang='lat' dir='ltr'><strong>e</strong></span> <span class='ocrx_word' id='word_1_170' title='bbox 565 2065 580 2086; x_wconf 84' lang='lat' dir='ltr'><strong>r</strong></span> <span class='ocrx_word' id='word_1_171' title='bbox 592 2064 608 2086; x_wconf 94' lang='lat' dir='ltr'>z</span> <span class='ocrx_word' id='word_1_172' title='bbox 618 2064 634 2086; x_wconf 88' lang='lat' dir='ltr'><strong>e</strong></span> <span class='ocrx_word' id='word_1_173' title='bbox 645 2057 656 2085; x_wconf 85' lang='lat'>1</span> <span class='ocrx_word' id='word_1_174' title='bbox 666 2055 676 2085; x_wconf 87' lang='lat' dir='ltr'><strong>i</strong></span> <span class='ocrx_word' id='word_1_175' title='bbox 685 2063 704 2087; x_wconf 91' lang='lat' dir='ltr'><strong>u</strong></span> <span class='ocrx_word' id='word_1_176' title='bbox 713 2064 726 2086; x_wconf 92' lang='lat' dir='ltr'><strong>s</strong></span> <span class='ocrx_word' id='word_1_177' title='bbox 735 2055 754 2093; x_wconf 76' lang='lat'><strong>,&#39;</strong></span> <span class='ocrx_word' id='word_1_178' title='bbox 764 2055 922 2085; x_wconf 85' lang='lat' dir='ltr'><strong>Lehrbuch</strong></span> <span class='ocrx_word' id='word_1_179' title='bbox 932 2055 987 2084; x_wconf 86' lang='lat' dir='ltr'><strong>der</strong></span> <span class='ocrx_word' id='word_1_180' title='bbox 994 2052 1122 2084; x_wconf 85' lang='lat' dir='ltr'><strong>chemie</strong></span> <span class='ocrx_word' id='word_1_181' title='bbox 1130 2052 1242 2091; x_wconf 88' lang='lat' dir='ltr'><strong>,Tom.</strong></span> <span class='ocrx_word' id='word_1_182' title='bbox 1255 2052 1310 2084; x_wconf 88' lang='lat'>111.</span> 
     </span>
     <span class='ocr_line' id='line_1_27' title="bbox 202 2116 377 2153; baseline 0 -9"><span class='ocrx_word' id='word_1_183' title='bbox 202 2124 267 2153; x_wconf 72' lang='lat' dir='ltr'><strong>pag.</strong></span> <span class='ocrx_word' id='word_1_184' title='bbox 293 2126 303 2146; x_wconf 90' lang='lat'>1</span> <span class='ocrx_word' id='word_1_185' title='bbox 312 2116 377 2150; x_wconf 81' lang='lat'>167.</span> 
     </span>
    </p>
   </div>
   <div class='ocr_carea' id='block_1_4' title="bbox 1197 2295 1312 2336">
    <p class='ocr_par' dir='ltr' id='par_1_4' title="bbox 1197 2295 1312 2336">
     <span class='ocr_line' id='line_1_28' title="bbox 1197 2295 1312 2336; baseline 0.009 -1"><span class='ocrx_word' id='word_1_186' title='bbox 1197 2295 1312 2336; x_wconf 90' lang='lat' dir='ltr'>SEC-</span> 
     </span>
    </p>
   </div>
  </div>
 </body>
</html>
