1483 2860
0 2087 3 2109 ι

0 2168 4 2195 l

2 2254 6 2285 Ι

4 2333 7 2372 i

4 2387 8 2429 Ι

6 2483 9 2512 l

433 210 869 261 JURIDICA.
1166 224 1212 264 33

91 322 151 360 det
193 320 276 370 (1).
341 322 465 371 Cujus
511 320 659 370 quidem
698 329 911 372 argumenta
945 329 1139 371 tantopere
1175 323 1209 361 se

89 391 179 428 mihi
204 392 537 437 commendarunt,
568 400 635 438 ut,
661 390 687 429 fi
713 404 753 429 ea
770 403 842 439 qua
868 391 973 429 decet
998 392 1206 440 modestia,

88 461 184 498 inter
210 469 407 509 utramque
437 460 649 500 sententiam
697 463 880 500 delectum
918 461 1038 500 facere
1070 463 1207 509 liceat,

90 532 169 580 ers
205 532 332 581 potius
357 531 554 570 sententiae
580 543 638 570 me
663 533 849 571 addictum
885 533 1020 571 dicam.
1075 533 1205 571 Paucis

87 613 164 640 eam
200 614 398 650 exponam.
461 603 502 640 Si
529 603 567 640 in
607 603 866 640 contractibus
902 602 1067 640 onerofis
1103 603 1209 641 causa

89 681 145 710 est
168 672 206 710 id
232 674 335 720 quod
354 674 446 710 alter
470 673 574 710 alteri
600 674 661 711 dat
686 682 750 710 aut
780 673 864 710 dare
895 671 929 709 se
960 672 1126 721 obligat,
1154 673 1211 710 nil

86 742 188 780 aliud
219 751 276 780 est
310 751 422 790 atque
457 743 673 792 objectum,
727 754 795 781 nec
831 743 916 780 ideo
953 752 1115 791 quatuor
1152 751 1210 780 est

88 824 186 860 opus
215 812 497 850 conditionibus
515 841 528 859 ‚
553 825 637 852 cum
663 821 738 850 tres
760 811 960 851 sufficiunt.
1013 811 1152 850 Pariter
1181 812 1208 850 fi

88 882 127 920 in
164 883 419 920 contractibus
449 883 620 930 gratuitis
659 883 860 920 liberalitas
887 890 944 920 est
981 881 1087 920 causa
1115 881 1212 919 obli-

94 951 280 1001 gationis,
320 962 398 989 non
437 961 497 989 est
523 951 691 990 conditio
721 951 909 1001 speciali53
938 963 1022 991 nam
1062 952 1214 1000 sensus,

93 1021 159 1070 qui
184 1033 255 1059 nos
287 1023 333 1059 ad
359 1022 650 1059 contrabendum
686 1020 872 1070 impellit,
899 1033 919 1059 a
943 1023 1136 1060 voluntate
1159 1021 1214 1059 se-

91 1093 212 1139 parari
236 1091 384 1139 nequit.
416 1092 627 1138 Praeterea,
655 1091 682 1129 fi
711 1092 871 1129 donator
897 1093 1003 1129 nullo
1031 1092 1106 1129 alio
1123 1103 1215 1129 con-

91 1161 170 1200 sllio
197 1161 322 1206 dedit,
364 1172 471 1207 quam
512 1170 551 1197 ut
588 1159 621 1197 se
648 1161 808 1209 privaret
843 1161 954 1199 bonis
991 1163 1093 1199 nulla
1126 1163 1216 1200 duc-

92 1241 154 1270 tus
188 1230 432 1277 liberalitate,
460 1231 520 1267 vel
550 1229 596 1268 fic
633 1239 755 1268 tamen
780 1233 917 1269 valeret
951 1232 1120 1270 donatio.
1162 1231 1216 1270 Et

91 1301 119 1341 fi
152 1291 320 1340 condit'lo
347 1299 482 1348 scripta
511 1310 567 1338 est
602 1300 825 1349 donatario,
854 1313 950 1349 quae
985 1301 1097 1339 bonis
1135 1314 1217 1339 mo·

92 1372 199 1411 ribus
236 1380 301 1411 aut
334 1371 480 1419 legibus
517 1371 697 1409 contraria
732 1381 815 1419 est,
867 1382 945 1409 non
976 1370 1109 1420 scripta
1140 1371 1218 1410 esse

92 1441 288 1488 censetur,
316 1453 350 1480 a.
378 1454 484 1490 900,
511 1453 579 1479 nec
607 1443 697 1480 adeo
736 1442 781 1480 ad
814 1442 1102 1480 conventionem
1133 1444 1219 1480 nul·-

93 1513 167 1551 lam
203 1512 453 1550 declarandam
490 1513 600 1550 valet.
665 1511 864 1550 observari
899 1524 988 1550 vero
1018 1512 1127 1551 etiam
1155 1513 1220 1551 de-

96 1583 191 1630 bet,
228 1593 352 1630 neque
386 1580 426 1619 in
464 1582 575 1619 titulo
609 1583 654 1619 de
690 1583 986 1631 donationibus,
1023 1595 1146 1631 neque
1181 1584 1222 1622 in

95 1652 216 1691 titulis
250 1651 470 1700 specialibus
504 1652 548 1690 de
585 1651 752 1691 onerosis
794 1652 1113 1692 conventionibus
1144 1653 1222 1691 dis-

96 1722 301 1772 positiones
347 1733 541 1759 occurrere
581 1723 626 1760 de
665 1721 771 1760 causa
805 1723 1079 1771 obligationis,
1133 1735 1219 1762 cum

98 1792 242 1841 saepius
278 1792 316 1829 in
353 1791 399 1829 iis
434 1793 478 1829 de
506 1794 637 1829 ceteris
670 1791 855 1840 requisitis
880 1793 1017 1841 agitur.
1072 1793 1222 1832 Clarius

99 1862 194 1902 illud
224 1861 444 1911 apparebit,
473 1861 498 1899 ss
529 1864 694 1910 exempla
727 1861 774 1898 ab
812 1862 1078 1911 interpretibus
1114 1865 1222 1902 allata

100 1933 360 1981 consulemu53
415 1932 469 1969 illi
505 1933 602 1970 enim
636 1931 777 1970 causam
816 1934 860 1970 ab
885 1933 1034 1982 objecto
1064 1942 1099 1971 et
1131 1944 1222 1971 con-

100 2002 203 2043 sensu
235 2004 335 2042 haud
367 2003 530 2052 separare
564 2002 752 2041 videntur.
804 2002 1020 2041 Pothierius
1046 2003 1122 2052 ipse
1152 2015 1225 2041 no·

1151 2073 1226 2123 ‘bis

143 2194 195 2230 (1)
217 2194 364 2223 Biblioth.
395 2195 434 2223 du
471 2194 535 2231 Jcte
566 2201 597 2223 et
628 2195 666 2222 du
701 2192 886 2230 Publiciste,
916 2193 1008 2222 Toni.
1040 2201 1066 2222 1.
1090 2192 1173 2221 Livr.
1199 2201 1229 2227 3·

109 2259 140 2287 p.
162 2259 234 2285 250·
249 2258 315 2288 2⁵4·

660 2357 693 2395 C
