2912 4368
1082 883 1130 927 98
1274 870 1941 915 COMMENTATro

1084 986 1184 1036 ageri
1240 987 1417 1025 rationem
1469 994 1693 1033 magnopere
1740 980 1939 1026 laudabat,
1991 979 2170 1028 epistolas

1086 1058 1195 1096 serint
1230 1059 1315 1106 (ι).
1385 1057 1454 1094 His
1496 1066 1587 1093 vero
1632 1052 1743 1092 novis
1790 1050 1967 1089 institutis
2002 1050 2171 1088 reluctati

1084 1128 1148 1166 sun
1179 1129 1291 1176 huJ'us
1321 1126 1482 1173 regionis
1510 1125 1680 1170 incolae3
1723 1134 1816 1170 quae
1847 1120 2040 1159 conamina
2071 1119 2172 1157 irrita

1087 1199 1142 1236 fec
1183 1197 1366 1246 Alphonsi
1400 1196 1468 1233 VI.
1499 1194 1669 1243 ignavia,
1699 1194 1773 1240 qua
1804 1192 1894 1228 totis
1934 1189 2079 1227 viribus
2109 1190 2173 1227 Pa·

1085 1282 1146 1318 pa(
1161 1267 1329 1316 partibus
1366 1265 1460 1304 favit
1489 1265 1587 1313 (2);
1616 1263 1675 1303 sed
1709 1264 1768 1301 vel
1794 1262 1841 1301 fic
1876 1271 1998 1299 tamen
2033 1259 2175 1299 Gothi-

1083 1352 1142 1377 cui
1159 1367 1172 1384 ‚
1196 1337 1255 1375 seu
1281 1336 1568 1375 Mozarabicum
1585 1333 1774 1382 ‚officium
1798 1333 1836 1371 in
1862 1331 2055 1370 nonnullis
2085 1330 2175 1368 His·

1086 1421 1185 1459 pane
1209 1407 1384 1447 Ecclefiis
1419 1404 1592 1454 dispersis
1618 1404 1682 1443 diu
1719 1403 1893 1451 deinceps
1928 1401 2172 1441 retinebatur.

1084 1480 1265 1523 Grtorius
1296 1477 1532 1521 autemjadeo
1559 1474 1743 1513 variarum
1763 1474 1878 1523 hujus
1904 1472 2066 1522 regionis
2087 1484 2178 1521 pro-

1084 1551 1258 1588 viriarum
1295 1558 1400 1594 reges
1444 1545 1512 1584 fibi
1539 1543 1727 1593 subjectos
1756 1542 1915 1590 habuit,
1955 1551 1996 1581 ut
2029 1542 2077 1582 iis
2110 1541 2179 1580 tri·

1084 1621 1188 1658 burm
1229 1617 1380 1666 lingulis
1418 1615 1524 1653 annis
1567 1612 1786 1652 solvendum
1835 1612 2026 1660 imponere
2067 1613 2180 1650 aude-

1082 1703 1127 1728 re⁴
1144 1689 1227 1737 (3).
1303 1688 1494 1725 Praeterea
1532 1694 1687 1733 regnum
1726 1681 1932 1731 Hispaniae
1967 1682 2177 1722 universum

1084 1762 1128 1801 set
1157 1759 1344 1797 Romanae
1372 1755 1448 1794 esse
1483 1753 1722 1793 tributarium
1754 1753 1793 1790 in
1826 1752 1998 1801 epistolis
2023 1761 2182 1801 conteri-

1083 1832 1117 1869 di
1145 1829 1243 1879 (4),
1269 1839 1356 1866 cum
1395 1838 1443 1865 ex
1482 1824 1648 1873 antiquis
1686 1822 2019 1862 constitutionibus
2060 1823 2182 1861 effice·

1078 1915 1115 1940 re
1141 1929 1173 1946 „
1200 1901 1294 1937 hanc
1331 1897 1520 1946 regionem
1555 1895 1664 1933 Petro
1701 1903 1737 1932 et
1767 1892 1950 1932 Ecclefiae
1986 1894 2176 1932 Romanae

1086 1982 1146 2018 „n
1164 1970 1226 2018 jtls
1253 1977 1290 2006 et
1319 1966 1583 2016 proprietatem
1612 1965 1687 2002 esse
1719 1963 1933 2002 traditam.‘'
1983 1964 2083 2003 Hinc
2115 1976 2177 2003 ex·

1085 2041 1270 2090 peantium
1287 2067 1299 2086 ‚
1328 2038 1433 2086 quod
1460 2045 1532 2074 tam
1558 2035 1754 2084 despotica
1782 2035 1924 2073 ratione
1946 2036 2174 2077 voluntatem

1083 2112 1152 2149 sun
1191 2107 1385 2158 Alphonso
1420 2107 1594 2155 deinceps
1639 2105 1884 2154 significavit3
1935 2116 2022 2144 cum
2077 2105 2173 2144 enim

1083 2184 1115 2219 il
1162 2192 1229 2217 rex
1284 2189 1436 2216 uxorem
1486 2176 1795 2225 consanguineam
1838 2175 2032 2223 duxisset,
2078 2176 2173 2214 Gre-

1080 2252 1179 2301 psius
1232 2251 1392 2287 minatus
1444 2256 1502 2286 est
1555 2246 1627 2295 se,
1683 2246 1750 2286 nisi
1794 2247 1889 2285 hanc
1929 2246 2172 2293 dimitteret,

2097 2318 2175 2367 gla-

1111 2468 1143 2501 ι)
1165 2467 1262 2502 Epist.
1282 2468 1502 2503 Gregorii,
1525 2466 1593 2496 Lib.
1616 2466 1641 2496 1.
1662 2466 1754 2502 epist.
1782 2469 1818 2502 63
1843 2472 1874 2493 et
1892 2466 1949 2503 64,
1967 2472 1997 2494 et
2012 2465 2067 2494 Lib
2097 2465 2172 2498 vu,

1084 2531 1147 2551 cist.
1169 2526 1197 2551 6.

1107 2580 1141 2615 α)
1163 2580 1256 2609 Conf.
1278 2581 1472 2615 Venema,
1502 2580 1523 2608 Ι.
1545 2588 1574 2608 c.
1595 2580 1680 2608 Tom
1703 2582 1747 2615 V,
1772 2588 1839 2615 pag.
1871 2585 1948 2617 589,
1970 2588 2001 2609 et
2030 2580 2176 2617 Gregorii

1078 2648 1087 2665 a
1104 2637 1291 2672 Alphonsum
1324 2636 1483 2671 Epistola,
1505 2645 1581 2671 quae
1599 2645 1644 2666 est
1664 2638 1716 2666 Lib
1753 2640 1812 2674 lx,
1834 2640 1927 2675 epist.
1951 2650 1980 2669 α.

1095 2693 1139 2732 ζθ)
1163 2694 1322 2723 Tributum
1348 2694 1499 2722 constabat
1519 2694 1636 2723 duobus
1659 2696 1755 2724 bobus
1775 2695 1925 2730 jugalibus
1944 2704 1976 2725 et
1997 2698 2103 2726 decem
2124 2698 2177 2726 de-

1080 2753 1155 2782 iriis.
1177 2750 1306 2779 Cons.C.
1330 2751 1553 2785 Bai-onius,
1582 2754 1777 2787 Annalium,
1798 2754 1886 2782 Tom.
1913 2755 1970 2789 XI,
1999 2763 2067 2790 pag.
2090 2764 2159 2790 720.

1092 2810 1146 2846 (4)
1170 2808 1264 2843 Epist.
1291 2808 1506 2842 Gregorii,
1537 2808 1606 2839 Lib.
1630 2809 1656 2837 1.
1681 2809 1773 2844 epist.
1796 2813 1832 2840 6.
1856 2819 1871 2845 7
1894 2818 1925 2838 et
1944 2813 2001 2847 63,
2026 2820 2057 2841 ct
2083 2812 2176 2840 maxi-

1081 2875 1097 2893 e
1122 2866 1171 2893 illa
1191 2867 1226 2893 nd
1245 2866 1413 2900 Hispanos,
1436 2873 1513 2900 quae
1537 2873 1582 2894 est
1600 2866 1670 2894 libri
1682 2866 1781 2901 quarti
1802 2866 1941 2896 vicefima
1957 2876 2063 2897 octava
2082 2877 2113 2897 et
2134 2870 2180 2897 ul·

1076 2931 1132 2951 ma.
1152 2923 1245 2952 Cenf.
1266 2922 1464 2958 Theiner,
1484 2925 1508 2952 1.
1531 2930 1560 2962 c.
1584 2924 1626 2952 11.
1648 2925 1683 2952 B.
1707 2925 1730 2952 1.
1756 2924 1872 2960 Abth.,
1898 2933 1965 2961 pag.
1986 2933 2149 2961 παῖ-αις).
