1483 2860
435 194 883 246 -JURIDICA.
1204 204 1228 247 7

113 312 198 351 tur,
239 306 486 351 quaerendum
523 312 646 342 tamen
675 314 760 353 est,
787 316 833 344 an
857 304 1021 343 Romani
1045 305 1084 343 in
1107 304 1227 344 infan-

110 373 161 412 tia
177 373 518 423 jurisprudentiae,
545 373 614 411 ubi
638 384 766 414 eorum
793 375 839 412 de
868 376 1065 413 voluntate
1099 376 1227 414 huma·

105 454 156 482 na
189 443 388 491 opiniones
412 455 545 493 parum
577 452 698 482 cer-tae
732 456 772 483 ac
809 443 981 483 definitae
1009 453 1138 493 erant,
1179 457 1224 483 eo

107 514 214 552 ducti
249 513 390 552 fuerint
417 513 555 561 ingenii
584 514 777 562 acumine,
804 525 848 553 ut
880 516 974 553 hanc
1006 514 1056 553 ob
1081 513 1225 552 causam

109 584 185 622 vim
218 584 408 633 obligandi
437 584 555 633 pactis
586 584 858 623 detraherent?
898 585 956 624 Sit
986 585 1128 633 cuique
1160 584 1225 623 sna

108 653 270 703 opinio,
303 654 483 702 equidem·
516 665 607 692 vero
636 654 733 692 illud
767 654 944 693 affirmare
973 665 1052 694 uon
1080 654 1222 703 ausim3

106 734 235 764 verum
271 725 399 774 potius
444 723 531 774 ipsis
566 724 624 763 his
664 736 795 774 parum
834 725 943 764 claris
982 725 1027 764 de
1066 725 1225 764 naturali

104 795 189 847 jure
221 795 313 835 ideis
351 796 591 834 tribuendum
630 796 807 843 videtur,
847 807 961 844 quare
989 804 1096 844 pacta
1123 795 1225 843 apud

95 865 330 914 Romanos,
357 866 423 904 ubi
449 866 566 915 prima
597 866 916 915 jurisprudentiae
938 866 1110 915 jecerunt
1135 865 1223 904 fun-

108 937 303 983 damenta,
329 936 513 974 actionem
549 946 628 974 non
660 935 920 984 produxerint.
972 936 1105 974 Solent
1128 936 1226 974 enim

95 1006 268 1055 populi,
306 1005 373 1054 qui
408 1007 574 1045 nondum
611 1007 657 1045 ad
687 1015 830 1044 cerrum
866 1007 1036 1044 :culturae
1075 1007 1228 1056 gradum

105 1084 357 1124 pervenerunt
372 1102 387 1123 ‚
413 1075 490 1114 vim
516 1075 723 1114 voluntatis
743 1077 927 1115 <humanae
942 1076 1137 1124 ignorare,
1167 1087 1231 1114 ex-

103 1145 298 1194 ternisque
321 1145 434 1194 fignis
461 1146 655 1195 indigent,
685 1146 825 1194 quibus
853 1147 1121 1195 repraesentant
1136 1146 1229 1194 quid

103 1216 202 1254 inter
237 1223 303 1254 eos
340 1227 464 1255 actum
503 1220 575 1256 est.
628 1217 728 1255 Idem
762 1218 867 1265 apud
894 1217 1089 1255 Romanos
1128 1216 1229 1254 obti-

101 1287 228 1326 nuisse
253 1287 427 1334 videtur,
456 1286 522 1336 qui
549 1286 606 1325 uti
630 1287 669 1325 in
694 1287 870 1324 omnibus
897 1287 1060 1336 negotiis
1085 1286 1228 1327 formu-

103 1357 149 1395 lis
175 1364 278 1396 erant
301 1357 466 1404 addicti,
492 1356 542 1395 fic
567 1366 725 1406 quoque
751 1356 792 1394 in
820 1366 950 1395 nostra
975 1356 1127 1396 'materia
1146 1355 1226 1395 for-

90 1427 292 1466 'mulariam
328 1426 657 1478 jurisprudentiam
695 1427 1001 1466 introduxerunt.
1030 1427 1100 1477 (1)
1144 1428 1227 1466 An·

102 1497 322 1546 tiquisfimis
355 1497 452 1536 enim
489 1497 723 1547 temporibus
749 1497 940 1536 violarunt
967 1496 1111 1546 saepius
1132 1502 1225 1536 con·

100 1566 295 1605 ventiones
312 1593 326 1613 ,
355 1565 532 1613 quocirca
555 1566 682 1605 Numa
705 1565 915 1615 Pompilius
941 1567 1121 1614 templum
1149 1566 1224 1605 Bo-

101 1646 170 1675 nae
204 1622 308 1675 Fidei
341 1636 507 1684 dicavit,
547 1645 590 1675 ut
627 1637 678 1675 ita
713 1648 779 1685 per
813 1636 1029 1684 religionem
1063 1636 1224 1676 efficeret

100 1708 205 1757 quod
237 1706 288 1745 ob
327 1707 538 1746 intellectus
572 1706 767 1745 infantiam
804 1706 950 1756 saepius
984 1709 1108 1745 locum
1144 1718 1222 1746 non

99 1777 289 1826 habebat,
328 1788 462 1826 nempe
509 1785 554 1815 ut
598 1776 707 1816 fidem
746 1777 865 1815 datam
910 1776 1107 1817 servarent.
1150 1778 1223 1827 (2)

85 1846 200 1888 :Cum
237 1859 328 1888 vero
362 1847 506 1886 interfit
545 1847 710 1896 civium,
747 1847 924 1896 negotia,
961 1859 1057 1895 quae
1095 1846 1219 1886 secum

95 1917 258 1957 invicem
289 1917 504 1965 iniverunt,
544 1917 705 1965 servari,
745 1918 906 1957 medium
938 1917 1127 1956 introduci
1154 1919 1221 1957 de-

85 1989 213 2037 ·ssbuit,
239 2000 318 2037 quo
345 1987 605 2037 promissarius
642 1998 778 2037 cogere
814 1989 1095 2037 promittentem
1129 1999 1220 2038 pos-

21 2056 30 2064 ’
87 2058 179 2108 -ret,
207 2068 252 2098 ut
284 2057 367 2097 suae
394 2058 618 2109 obligationi
643 2057 886 2099 satisfaceret.
936 2059 1102 2108 Ideoque
1128 2069 1220 2098 con-

1126 2139 1218 2168 ven·

139 2224 193 2260 (1)
213 2224 264 2253 cf.
288 2225 477 2255 Heinecc.
497 2225 530 2254 in
552 2227 637 2256 orat.
656 2227 695 2255 de
714 2225 951 2262 jurisprudentia
970 2224 1155 2256 formularia.

137 2281 192 2318 (2)
214 2283 285 2312 Vid-
308 2284 571 2314 Moddermau
598 2286 655 2314 Μ.
676 2293 708 2320 p.
727 2287 847 2319 58·61·
