1560 2860
303 266 354 306 12
649 259 1029 305 ORATIO.

291 399 337 442 in
366 412 592 458 corporum
631 398 866 443 coelestium
900 394 1105 454 aequabili
1137 394 1207 438 illa
1240 402 1280 439 et
1306 394 1388 439 ad·-

294 475 473 520 mirabili
498 474 678 520 cernitur
712 474 972 519 volutatione.
987 472 1059 534 (8)
1087 493 1137 504 -
1166 471 1286 515 Nulla
1308 485 1388 515 au-

293 559 377 596 tem
410 551 452 594 in
490 566 535 595 re
571 550 719 595 clarius
757 550 948 594 elucescit
988 549 1113 601 haec,
1143 562 1270 605 quam
1294 561 1388 592 me-

291 625 476 679 moravi,
517 625 774 684 ingeniorum
809 625 1011 678 varietas,
1055 639 1179 681 quam
1214 623 1258 666 in
1293 625 1389 666 Dei

291 701 480 759 vitaeque
505 701 678 746 Divinae
716 701 884 746 notione
917 699 1193 745 informanda.
1262 696 1390 756 Quod

293 778 495 835 ejusmodi
522 786 608 832 est,
637 786 682 822 ut
716 792 876 823 summo
909 779 998 836 jure
1032 777 1254 829 Carum,
1281 773 1388 818 Phi-

292 855 513 913 losophum
536 854 813 899 acutissimum
824 886 837 908 ,
856 855 1005 899 dixisse
1023 853 1249 906 existimes,
1270 865 1388 895 cum:

295 933 458 981 Qualis
495 939 562 973 est
596 933 751 983 homo,
783 930 865 984 ait,
897 934 1032 983 talis,
1065 947 1194 986 quem
1221 945 1392 985 agnos-

293 1009 356 1047 cit
387 1009 604 1062 colitque,
633 1008 776 1049 Deus.
854 1006 1015 1062 Qualis
1053 1007 1246 1046 hominis
1282 1005 1390 1046 ani-

290 1099 417 1135 mus,
461 1085 576 1131 tale,
616 1084 737 1139 quod
774 1084 865 1137 ipsi
898 1084 1078 1136 placet,
1108 1078 1386 1137 coelam.(9)

289 1157 405 1211 Ubi,
450 1157 494 1201 in
527 1173 573 1202 re
605 1157 847 1216 perspicua,
889 1171 973 1201 uno
1001 1156 1218 1201 excitando
1247 1170 1391 1200 exem-

288 1235 387 1294 plo,
420 1234 585 1292 defungi
607 1234 731 1291 juvat.
792 1234 859 1278 En
878 1234 997 1279 vobis
1023 1234 1389 1278 Aristotelem

290 1311 426 1354 denuo
467 1318 506 1355 et
536 1311 862 1369 Epicurum!
934 1311 1124 1369 Quorum
1165 1317 1389 1366 utrumque

284 1387 522 1441 beatitatis,
553 1388 635 1445 qua
663 1389 827 1432 ¹Numen
855 1394 1017 1441 utatur,
1047 1387 1269 1445 imaginem
1307 1384 1387 1430 sihi

285 1464 580 1509 informantem
615 1464 836 1509 videamus.
906 1463 1205 1523 Stagirita‘
1232 1459 1389 1507 Persa-L

286 1557 381 1586 rum
406 1542 522 1599 Rege
559 1540 788 1585 beatiorem
817 1541 875 1584 ita
904 1541 1070 1584 demum
1101 1547 1231 1584 semet
1258 1553 1388 1597 repu-

286 1617 429 1672 tabat,
460 1617 495 1661 si
529 1617 572 1660 in
607 1616 713 1662 vitae
739 1617 1058 1676 philosophicae
1091 1616 1177 1661 otio
1217 1615 1391 1660 studiis-

290 1708 370 1750 que
404 1708 696 1740 consenescere
730 1701 885 1752 posset.
943 1693 1068 1737 Haud
1108 1693 1226 1736 aliter
1263 1692 1390 1749 igitur

288 1769 422 1814 Deum
465 1770 708 1829 descripsit,
754 1783 804 1813 eo
843 1784 963 1813 usum
1000 1769 1179 1813 laetitiae
1221 1768 1357 1813 sructu
1378 1800 1390 1821 ,

283 1853 335 1892 ut
373 1846 535 1905 placida
573 1846 634 1891 sui
675 1846 892 1891 intuitione
928 1845 1129 1904 gaudeat,
1187 1860 1264 1891 nec
1305 1846 1389 1890 ulla

287 1923 479 1966 turbetur
515 1924 665 1981 agendi
704 1923 959 1968 necessitate.
1028 1923 1125 1966 Non
1159 1922 1217 1966 ita
1252 1923 1389 1966 Gar-

289 1999 504 2056 gettius
556 2015 744 2053 senex,
806 2014 928 2056 quem
966 2006 1124 2044 veteres
1163 1999 1387 2044 vocabant.

287 2074 367 2118 Hic
392 2075 597 2133 voluptate
624 2076 747 2120 finem
774 2076 977 2120 contineri
1004 2077 1212 2120 bonorum
1241 2090 1389 2120 cense-

287 2150 374 2192 bat.
435 2150 805 2196 Humanorumne?
853 2153 937 2196 Ita:
971 2153 1044 2197 sed
1087 2153 1216 2196 nihilo
1253 2153 1387 2198 secius

289 2226 410 2270 etiam
433 2226 698 2270 Diviuorum:
730 2228 799 2271 illo
828 2228 936 2273 enim
965 2229 1126 2286 judice,
1157 2231 1388 2281 Deorum,

292 2316 398 2358 quae
424 2301 611 2356 dicebat,
644 2307 951 2349 intermundia
977 2305 1030 2349 ad
1054 2305 1249 2351 amussim
1281 2306 1388 2350 hor-

1324 2390 1392 2426 tu-
