1524 2850
253 283 359 329 ilt'
538 275 1072 331 ORATIO,

248 421 365 466 ferro
397 416 731 464 combinatorum
769 415 815 460 in
849 415 989 475 ipsum
1032 412 1243 457 metallum
1279 410 1366 457 vis=

249 496 466 557 quomodo
490 495 550 540 ita
588 494 764 554 sulphur
792 507 887 538 cum
922 493 1036 537 ferro
1063 491 1251 549 junctum
1274 504 1370 535 me·-

246 576 392 620 tallum
428 573 516 633 igni
551 557 767 617 admotum
801 569 950 628 fragile
976 568 1153 624 reddat3
1184 580 1371 625 quomo-

249 654 308 697 do
346 651 446 696 huic
485 650 686 710 opposita
712 649 765 693 sit
787 645 1029 708 phosphori
1054 645 1146 700 vis,
1177 645 1251 704 qui
1271 656 1373 690 ·me-'

247 730 394 775 tallum
431 727 621 787 fragilius
661 726 762 771 facit
796 741 925 784 quam
962 740 1045 785 par
1083 731 1148 769 est
1164 756 1178 779 ,
1220 724 1258 769 si
1290 722 1375 767 fri-

248 807 393 866 gidum
440 812 659 851 tractetur.
749 804 814 849 Ut
856 811 994 848 autem
1036 802 1143 846 haec
1174 801 1376 860 ignorare

248 898 339 929 non
390 883 544 937 debet,
603 883 664 939 ita
716 880 833 926 haud
878 881 918 925 ei
951 878 1238 925 >necessarium
1254 910 1268 932 ,
1325 883 1375 923 ut

246 969 479 1020 cognoscat
509 959 727 1018 quomodo
761 958 977 1002 metallum
1017 971 1067 1001 ex
1102 955 1265 1000 minera
1297 967 1378 999 ac·-

250 1038 469 1096 quiratur3
501 1052 579 1082 nec
617 1035 678 1081 illi
715 1034 909 1080 methodi
950 1039 1048 1079 sunt
1088 1031 1375 1091 enarrandae,

248 1115 403 1173 quibus
443 1115 498 1159 ab
542 1113 863 1172 inquinantibus
918 1110 1173 1171 corporibus
1218 1110 1378 1156 ferrum

248 1193 421 1238 liberari
462 1192 625 1252 possit:
681 1192 798 1250 quod
836 1190 886 1235 iis
926 1190 1164 1248 relinquas,
1221 1189 1377 1247 quibus

248 1272 463 1315 metallum
487 1286 537 1314 ex
561 1277 700 1314 terrae
715 1268 1001 1329 penetralibus
1029 1266 1238 1312 afferendi
1259 1281 1380 1311 eum-
1403 1325 1407 1328 ἡ

251 1363 334 1407 que
374 1363 529 1408 purum
565 1347 772 1392 reddendi
810 1353 873 1391 est
908 1346 1109 1391 officium.

309 1425 398 1470 Sed
424 1425 531 1470 haec
559 1424 611 1469 de
633 1423 838 1484 operariis
863 1422 968 1490 ipsis
1003 1425 1116 1468 dicta
1151 1426 1377 1472 sufficiant.

250 1501 363 1548 Sunt
392 1511 530 1548 autem
568 1512 609 1549 et
646 1505 743 1560 alii,
798 1520 981 1563 quorum
1019 1512 1169 1551 nostra
1208 1505 1271 1549 uti
1309 1506 1383 1550 in-

252 1580 471 1627 stitutione
503 1582 705 1637 interest,
738 1597 811 1627 eos
837 1583 960 1637 volo,
992 1582 1065 1641 qui
1100 1584 1164 1629 vel
1193 1585 1383 1643 ejusmo-

255 1658 300 1701 di
339 1659 598 1703 fabricarum
639 1667 680 1704 et
727 1674 906 1720 operum
947 1669 1047 1706 sunt
1083 1676 1381 1721 possessores,

253 1737 321 1781 vel
365 1737 520 1794 quibus
564 1737 716 1781 harum
768 1752 913 1782 curam
954 1739 1154 1797 gerendi,
1211 1739 1382 1785 labores

255 1813 493 1873 dirigendi,
526 1822 567 1859 et
604 1816 814 1874 producta
845 1816 900 1860 ad
933 1816 1138 1873 majorem
1180 1817 1385 1862 evehendi

255 1889 562 1949 perfectionem
604 1892 791 1936 officium
819 1900 906 1937 est:
951 1893 1061 1948 hos,
1093 1893 1247 1939 si'rite
1283 1909 1385 1940 mu·-

257 1981 360 2012 nere
391 1964 645 2026 fungentur,
686 1984 775 2013 non
812 1971 944 2015 levem
991 1979 1160 2032 oportet
1197 1980 1238 2017 et
1275 1987 1386 2033 ope-

256 2045 385 2090 'rariis
441 2045 715 2091 sufficientem
761 2047 1007 2108 disciplinae
1062 2050 1255 2094 notitiam
1302 2050 1385 2096 sibi

261 2137 562 2183 comparasse,
609 2124 684 2168 sed
720 2124 883 2184 plenius
925 2125 1060 2170 sciant
1112 2140 1283 2171 necesse
1321 2132 1386 2172 est

262 2213 410 2246 omnes
446 2201 539 2245 illas
575 2201 819 2261 diSeiplinae
858 2210 1028 2262 partes,
1062 2219 1170 2262 quae
1204 2204 1249 2247 in
1275 2214 1387 2263 ope-⁴

260 2276 448 2324 'rationes
494 2278 579 2326 vim
636 2279 795 2325 habere
844 2288 1035 2339 possunt.
1128 2281 1300 2326 Penitus
1339 2280 1386 2326 hi

1278 2368 1387 2413 cog-
