1483 2860
253 247 310 293 36
485 241 1154 296 οοΜΜΕΝΤΛτιο

259 352 421 408 optimae
453 353 642 393 doctrinae
682 351 936 401 cognitionem
970 351 1116 400 egregie
1153 349 1345 399 promovit
1361 375 1377 396 ,

256 420 327 459 sed>
356 423 464 461 etiam
481 451 495 470 ,
517 431 560 461 ut
590 423 684 472 fides
706 423 745 461 in
778 422 975 471 Norvegia
999 430 1036 459 et
1060 421 1099 459 in
1124 419 1382 471 adjacentibus

255 490 385 530 insulis
414 491 741 539 disseminaretur,
767 493 952 540 praeclare
978 490 1138 530 curavit.

306 560 367 598 De
400 561 562 600 disfidiis
607 561 819 601 Boleslaum
851 561 897 608 Ι,
923 561 1100 600 Poloniae
1126 564 1248 609 regem
1283 559 1380 598 inter

251 636 291 667 et
313 628 542 677 Gregorium
577 631 666 669 VII.
694 630 819 670 dicere
839 641 917 669 non
938 631 1051 680 hujus
1079 641 1136 668 est
1162 629 1252 668 loci.

304 699 484 738 Ceterum
516 700 610 740 novi
635 701 689 739 illi
724 701 916 751 religionis
940 701 1177 740 Christianae
1197 700 1377 748 asseclae,

254 767 445 825 doctrinae
478 771 565 809 loco
607 771 802 810 Pontificis
840 771 1002 811 Romani
1041 770 1299 817 auctoritatem
1337 778 1376 808 et

253 836 440 882 Ecclesiae
463 841 668 880 catholicae
693 841 906 883 efficaciam
939 852 1129 889 nunquam
1166 851 1243 879 non
1270 851 1376 889 prae-

251 905 366 944 dicari
404 908 622 956 audientes,
673 920 753 948 non
787 918 931 948 tantum
975 908 1201 948 hierarchiae
1243 919 1374 957 parue-

251 984 365 1023 runt,
416 977 478 1016 sed
523 977 629 1028 saepe
669 979 864 1019 servorum
903 977 1013 1017 instar
1053 979 1087 1018 ei
1121 978 1274 1018 fuerunt
1307 977 1376 1018 ob-

252 1040 383 1086 stricti.

751 1194 789 1242 §·
843 1204 882 1241 7·

596 1329 757 1384 Europa
800 1332 1023 1372 Orientalt's.

299 1469 418 1522 Quod
436 1474 545 1510 'antea
570 1471 616 1510 de
643 1471 790 1511 labante
816 1471 1048 1511 Graecorum
1081 1471 1238 1520 imperio
1264 1480 1301 1510 et
1324 1472 1371 1510 de

254 1537 395 1578 Tui-cis
434 1541 473 1578 in
519 1541 676 1590 Europa
720 1541 892 1581 orientali
930 1541 1247 1581 invalescentibus
1281 1541 1374 1585 dixi-

248 1619 333 1662 mus
374 1623 393 1646 e
422 1611 578 1659 politica
607 1611 808 1661 utriusque
844 1613 966 1662 gentis
1006 1612 1221 1651 conditione
1256 1610 1371 1649 mani-

251 1676 354 1716 festo
381 1678 578 1725 probatur.

249 1796 252 1798 ¹
301 1746 590 1786 Constantinum
611 1749 931 1797 Monomachum‚
959 1750 1068 1799 cujus
1087 1748 1172 1787 lites
1196 1758 1233 1788 et
1253 1748 1369 1789 schis-

247 1828 308 1854 ma
338 1829 422 1855 cum
458 1818 622 1857 Ecclesia
668 1818 842 1857 Romana
881 1819 956 1866 Jam
996 1817 1234 1867 exposuimus
1267 1818 1369 1868 (1),

248 1885 449 1924 Theodora
479 1899 577 1925 uxor
611 1889 757 1937 excepit
795 1889 956 1937 (1054).
1009 1888 1098 1926 Fuit
1132 1888 1195 1927 illa
1234 1889 1370 1928 mulier

246 1956 552 2005 prudentisfima‚
578 1969 672 2006 quae
695 1957 771 2007 ipsa
791 1958 852 2008 jus
885 1958 1012 1997 dicens
1043 1959 1264 2008 legatosque
1300 1971 1366 1998 au·

247 2024 352 2064 diens
387 2026 482 2064 bene
520 2028 565 2065 de
595 2027 752 2076 imperio
783 2028 935 2068 meruit.
985 2029 1209 2070 Aulicorum
1239 2038 1364 2070 tamen

1282 2099 1365 2140 sua·

283 2206 337 2243 (1)
367 2207 435 2236 Vid.
464 2206 553 2239 huius
574 2207 867 2244 commentationis,
896 2210 966 2239 Pars
991 2211 1014 2238 1.
1043 2210 1117 2246 Cap.
1137 2210 1164 2239 1.
1195 2209 1222 2246 ς.
1246 2217 1297 2243 1.;
1331 2216 1364 2240 et

245 2265 444 2299 Theium,
485 2264 689 2304 Etnru'hrung
716 2267 772 2295 der
803 2266 1207 2305 Prfesnr-Ekelofigkm,
1246 2267 1291 2297 11.
1319 2267 1358 2296 Β.

245 2322 271 2351 1.
290 2321 382 2351 Abth.
403 2329 470 2357 pag.
492 2330 528 2359 ³4
549 2321 634 2358 seqq.
