<?xml version="1.0" encoding="UTF-8"?>
<!DOCTYPE html PUBLIC "-//W3C//DTD XHTML 1.0 Transitional//EN"
    "http://www.w3.org/TR/xhtml1/DTD/xhtml1-transitional.dtd">
<html xmlns="http://www.w3.org/1999/xhtml" xml:lang="en" lang="en">
 <head>
  <title>
</title>
<meta http-equiv="Content-Type" content="text/html;charset=utf-8" />
  <meta name='ocr-system' content='tesseract 3.04.00' />
  <meta name='ocr-capabilities' content='ocr_page ocr_carea ocr_par ocr_line ocrx_word'/>
</head>
<body>
  <div class='ocr_page' id='page_1' title='image "annalesacademiae29acad_0577.png"; bbox 0 0 1483 2860; ppageno 0'>
   <div class='ocr_carea' id='block_1_1' title="bbox 127 281 1299 2189">
    <p class='ocr_par' dir='ltr' id='par_1_1' title="bbox 127 281 1274 1288">
     <span class='ocr_line' id='line_1_1' title="bbox 451 281 1245 340; baseline -0.005 -8"><span class='ocrx_word' id='word_1_1' title='bbox 451 281 958 332; x_wconf 56' lang='lat' dir='ltr'>LI&#39;TERARIAa</span> <span class='ocrx_word' id='word_1_2' title='bbox 1175 288 1245 340; x_wconf 72' lang='lat'>163</span> 
     </span>
     <span class='ocr_line' id='line_1_2' title="bbox 127 391 1242 452; baseline -0.005 -12"><span class='ocrx_word' id='word_1_3' title='bbox 127 391 184 452; x_wconf 82' lang='lat' dir='ltr'>gis</span> <span class='ocrx_word' id='word_1_4' title='bbox 218 401 412 450; x_wconf 83' lang='lat' dir='ltr'>periculosi</span> <span class='ocrx_word' id='word_1_5' title='bbox 447 400 584 440; x_wconf 83' lang='lat' dir='ltr'>fiebant</span> <span class='ocrx_word' id='word_1_6' title='bbox 619 411 740 448; x_wconf 86' lang='lat' dir='ltr'>neque</span> <span class='ocrx_word' id='word_1_7' title='bbox 775 398 934 448; x_wconf 88' lang='lat' dir='ltr'>amplius</span> <span class='ocrx_word' id='word_1_8' title='bbox 970 397 1008 436; x_wconf 89' lang='lat' dir='ltr'>vi</span> <span class='ocrx_word' id='word_1_9' title='bbox 1044 396 1242 445; x_wconf 73' lang='lat' dir='ltr'>comprimi</span> 
     </span>
     <span class='ocr_line' id='line_1_3' title="bbox 132 467 1250 521; baseline -0.004 -11"><span class='ocrx_word' id='word_1_10' title='bbox 132 470 241 520; x_wconf 88' lang='lat' dir='ltr'>posse</span> <span class='ocrx_word' id='word_1_11' title='bbox 275 471 510 510; x_wconf 86' lang='lat' dir='ltr'>videbantur.</span> <span class='ocrx_word' id='word_1_12' title='bbox 563 470 667 521; x_wconf 88' lang='lat' dir='ltr'>Quae</span> <span class='ocrx_word' id='word_1_13' title='bbox 696 482 810 518; x_wconf 86' lang='lat' dir='ltr'>quum</span> <span class='ocrx_word' id='word_1_14' title='bbox 841 470 892 508; x_wconf 88' lang='lat' dir='ltr'>ita</span> <span class='ocrx_word' id='word_1_15' title='bbox 914 467 1057 515; x_wconf 81' lang='lat' dir='ltr'>essent,</span> <span class='ocrx_word' id='word_1_16' title='bbox 1085 467 1250 506; x_wconf 78' lang='lat' dir='ltr'>Braban·</span> 
     </span>
     <span class='ocr_line' id='line_1_4' title="bbox 134 537 1246 580; baseline -0.004 -1"><span class='ocrx_word' id='word_1_17' title='bbox 134 541 206 580; x_wconf 89' lang='lat' dir='ltr'>tiae</span> <span class='ocrx_word' id='word_1_18' title='bbox 249 550 286 579; x_wconf 87' lang='lat' dir='ltr'>et</span> <span class='ocrx_word' id='word_1_19' title='bbox 332 540 518 579; x_wconf 86' lang='lat' dir='ltr'>Flandriae</span> <span class='ocrx_word' id='word_1_20' title='bbox 562 539 720 578; x_wconf 78' lang='lat' dir='ltr'><strong>Ordines</strong></span> <span class='ocrx_word' id='word_1_21' title='bbox 759 539 829 578; x_wconf 88' lang='lat' dir='ltr'>sese</span> <span class='ocrx_word' id='word_1_22' title='bbox 869 551 953 577; x_wconf 89' lang='lat' dir='ltr'>cum</span> <span class='ocrx_word' id='word_1_23' title='bbox 995 537 1246 577; x_wconf 80' lang='lat' dir='ltr'>Gulielmo·</span> 
     </span>
     <span class='ocr_line' id='line_1_5' title="bbox 133 608 1251 660; baseline -0.002 -12"><span class='ocrx_word' id='word_1_24' title='bbox 133 618 263 649; x_wconf 87' lang='lat' dir='ltr'>contra</span> <span class='ocrx_word' id='word_1_25' title='bbox 298 610 489 658; x_wconf 86' lang='lat' dir='ltr'>Hispanos</span> <span class='ocrx_word' id='word_1_26' title='bbox 514 611 740 660; x_wconf 87' lang='lat' dir='ltr'>conjungere</span> <span class='ocrx_word' id='word_1_27' title='bbox 765 611 1001 648; x_wconf 86' lang='lat' dir='ltr'>vehementer</span> <span class='ocrx_word' id='word_1_28' title='bbox 1031 608 1251 657; x_wconf 82' lang='lat' dir='ltr'>cupiebant.-</span> 
     </span>
     <span class='ocr_line' id='line_1_6' title="bbox 140 679 1253 729; baseline -0.002 -11"><span class='ocrx_word' id='word_1_29' title='bbox 140 680 357 719; x_wconf 86' lang='lat' dir='ltr'>Reuxius</span> <span class='ocrx_word' id='word_1_30' title='bbox 384 680 524 729; x_wconf 78' lang='lat' dir='ltr'>igitur,</span> <span class='ocrx_word' id='word_1_31' title='bbox 554 681 619 728; x_wconf 89' lang='lat' dir='ltr'>qui</span> <span class='ocrx_word' id='word_1_32' title='bbox 645 681 833 719; x_wconf 87' lang='lat' dir='ltr'>Flandriae</span> <span class='ocrx_word' id='word_1_33' title='bbox 857 679 1123 728; x_wconf 80' lang='lat' dir='ltr'>praefecturam</span> <span class='ocrx_word' id='word_1_34' title='bbox 1150 687 1253 716; x_wconf 82' lang='lat' dir='ltr'>tene-</span> 
     </span>
     <span class='ocr_line' id='line_1_7' title="bbox 145 748 1256 798; baseline -0.003 -10"><span class='ocrx_word' id='word_1_35' title='bbox 145 750 235 797; x_wconf 82' lang='lat' dir='ltr'>bat,</span> <span class='ocrx_word' id='word_1_36' title='bbox 276 750 412 798; x_wconf 90' lang='lat' dir='ltr'>aliique</span> <span class='ocrx_word' id='word_1_37' title='bbox 448 751 607 788; x_wconf 80' lang='lat' dir='ltr'>Nobiles</span> <span class='ocrx_word' id='word_1_38' title='bbox 655 750 927 789; x_wconf 88' lang='lat' dir='ltr'>Haussium</span> <span class='ocrx_word' id='word_1_39' title='bbox 967 751 1011 787; x_wconf 89' lang='lat' dir='ltr'>ad</span> <span class='ocrx_word' id='word_1_40' title='bbox 1053 748 1256 787; x_wconf 82' lang='lat' dir='ltr'>Guliel-</span> 
     </span>
     <span class='ocr_line' id='line_1_8' title="bbox 147 817 1257 869; baseline -0.003 -11"><span class='ocrx_word' id='word_1_41' title='bbox 147 832 264 858; x_wconf 89' lang='lat' dir='ltr'>mum</span> <span class='ocrx_word' id='word_1_42' title='bbox 301 822 419 869; x_wconf 82' lang='lat' dir='ltr'>legare</span> <span class='ocrx_word' id='word_1_43' title='bbox 451 821 722 868; x_wconf 77' lang='lat' dir='ltr'>decreverunt,</span> <span class='ocrx_word' id='word_1_44' title='bbox 758 829 800 858; x_wconf 91' lang='lat' dir='ltr'>ut</span> <span class='ocrx_word' id='word_1_45' title='bbox 834 821 879 857; x_wconf 93' lang='lat' dir='ltr'>de</span> <span class='ocrx_word' id='word_1_46' title='bbox 907 819 1086 868; x_wconf 84' lang='lat' dir='ltr'>Hispanis</span> <span class='ocrx_word' id='word_1_47' title='bbox 1127 817 1257 865; x_wconf 83' lang='lat' dir='ltr'><strong>Belgio</strong></span> 
     </span>
     <span class='ocr_line' id='line_1_9' title="bbox 151 888 1260 940; baseline -0.003 -12"><span class='ocrx_word' id='word_1_48' title='bbox 151 891 380 938; x_wconf 86' lang='lat' dir='ltr'>expellendis</span> <span class='ocrx_word' id='word_1_49' title='bbox 406 900 590 940; x_wconf 85' lang='lat' dir='ltr'>ageretur.</span> <span class='ocrx_word' id='word_1_50' title='bbox 638 891 765 929; x_wconf 83' lang='lat' dir='ltr'>Paullo</span> <span class='ocrx_word' id='word_1_51' title='bbox 791 896 879 938; x_wconf 90' lang='lat' dir='ltr'>post</span> <span class='ocrx_word' id='word_1_52' title='bbox 912 888 1126 928; x_wconf 86' lang='lat' dir='ltr'>Brabantiae</span> <span class='ocrx_word' id='word_1_53' title='bbox 1152 888 1260 926; x_wconf 88' lang='lat' dir='ltr'>Flan-</span> 
     </span>
     <span class='ocr_line' id='line_1_10' title="bbox 149 956 1264 1008; baseline -0.003 -10"><span class='ocrx_word' id='word_1_54' title='bbox 149 961 248 999; x_wconf 82' lang='lat' dir='ltr'>driae</span> <span class='ocrx_word' id='word_1_55' title='bbox 272 969 307 998; x_wconf 90' lang='lat' dir='ltr'>et</span> <span class='ocrx_word' id='word_1_56' title='bbox 332 961 549 998; x_wconf 85' lang='lat' dir='ltr'>Harmoniae</span> <span class='ocrx_word' id='word_1_57' title='bbox 569 960 735 998; x_wconf 74' lang='lat' dir='ltr'>vOrdines</span> <span class='ocrx_word' id='word_1_58' title='bbox 759 959 1064 1008; x_wconf 86' lang='lat' dir='ltr'>Oetingium</span> <span class='ocrx_word' id='word_1_59' title='bbox 1093 958 1139 996; x_wconf 88' lang='lat' dir='ltr'>ad</span> <span class='ocrx_word' id='word_1_60' title='bbox 1167 956 1264 996; x_wconf 79' lang='lat' dir='ltr'>Gn·-</span> 
     </span>
     <span class='ocr_line' id='line_1_11' title="bbox 151 1021 1268 1077; baseline -0.003 -9"><span class='ocrx_word' id='word_1_61' title='bbox 151 1031 368 1069; x_wconf 89' lang='lat' dir='ltr'>lielmum</span> <span class='ocrx_word' id='word_1_62' title='bbox 416 1021 613 1077; x_wconf 83' lang='lat' dir='ltr'>miserunt,</span> <span class='ocrx_word' id='word_1_63' title='bbox 667 1038 709 1067; x_wconf 90' lang='lat' dir='ltr'>ut</span> <span class='ocrx_word' id='word_1_64' title='bbox 750 1028 835 1066; x_wconf 88' lang='lat' dir='ltr'>suos</span> <span class='ocrx_word' id='word_1_65' title='bbox 873 1029 1013 1077; x_wconf 85' lang='lat' dir='ltr'>legatos</span> <span class='ocrx_word' id='word_1_66' title='bbox 1051 1028 1098 1066; x_wconf 86' lang='lat' dir='ltr'>ad</span> <span class='ocrx_word' id='word_1_67' title='bbox 1139 1033 1268 1076; x_wconf 81' lang='lat' dir='ltr'>pacem</span> 
     </span>
     <span class='ocr_line' id='line_1_12' title="bbox 155 1095 1269 1148; baseline -0.004 -9"><span class='ocrx_word' id='word_1_68' title='bbox 155 1101 324 1139; x_wconf 87' lang='lat' dir='ltr'>Gandavi</span> <span class='ocrx_word' id='word_1_69' title='bbox 372 1100 637 1139; x_wconf 79' lang='lat' dir='ltr'>conficiendam</span> <span class='ocrx_word' id='word_1_70' title='bbox 684 1101 853 1148; x_wconf 86' lang='lat' dir='ltr'>allegaret</span> <span class='ocrx_word' id='word_1_71' title='bbox 878 1109 888 1137; x_wconf 78' lang='lat' dir='ltr'><strong><em>z</em></strong></span> <span class='ocrx_word' id='word_1_72' title='bbox 941 1098 1009 1135; x_wconf 88' lang='lat' dir='ltr'>hac</span> <span class='ocrx_word' id='word_1_73' title='bbox 1055 1095 1269 1135; x_wconf 78' lang='lat' dir='ltr'>conditione</span> 
     </span>
     <span class='ocr_line' id='line_1_13' title="bbox 156 1167 1274 1217; baseline -0.001 -11"><span class='ocrx_word' id='word_1_74' title='bbox 156 1178 198 1207; x_wconf 91' lang='lat' dir='ltr'>ut</span> <span class='ocrx_word' id='word_1_75' title='bbox 222 1170 418 1207; x_wconf 84' lang='lat' dir='ltr'>Romano·</span> <span class='ocrx_word' id='word_1_76' title='bbox 434 1170 616 1207; x_wconf 83' lang='lat' dir='ltr'>catholica</span> <span class='ocrx_word' id='word_1_77' title='bbox 639 1169 770 1217; x_wconf 85' lang='lat' dir='ltr'>religio</span> <span class='ocrx_word' id='word_1_78' title='bbox 798 1167 971 1206; x_wconf 83' lang='lat' dir='ltr'>immunis</span> <span class='ocrx_word' id='word_1_79' title='bbox 995 1168 1198 1207; x_wconf 86' lang='lat' dir='ltr'>servaretur</span> <span class='ocrx_word' id='word_1_80' title='bbox 1217 1175 1274 1206; x_wconf 83' lang='lat' dir='ltr'>re·</span> 
     </span>
     <span class='ocr_line' id='line_1_14' title="bbox 155 1238 1007 1288; baseline -0.001 -12"><span class='ocrx_word' id='word_1_81' title='bbox 155 1240 268 1288; x_wconf 90' lang='lat' dir='ltr'>gique</span> <span class='ocrx_word' id='word_1_82' title='bbox 304 1239 512 1277; x_wconf 82' lang='lat' dir='ltr'>obedientia</span> <span class='ocrx_word' id='word_1_83' title='bbox 538 1240 635 1277; x_wconf 89' lang='lat' dir='ltr'>haud</span> <span class='ocrx_word' id='word_1_84' title='bbox 662 1240 902 1286; x_wconf 78' lang='lat' dir='ltr'>denegaretur</span> <span class='ocrx_word' id='word_1_85' title='bbox 925 1238 1007 1286; x_wconf 83' lang='lat'>(1).</span> 
     </span>
    </p>

    <p class='ocr_par' dir='ltr' id='par_1_2' title="bbox 164 1303 1280 1634">
     <span class='ocr_line' id='line_1_15' title="bbox 213 1303 1276 1358; baseline -0.004 -11"><span class='ocrx_word' id='word_1_86' title='bbox 213 1309 509 1347; x_wconf 88' lang='lat' dir='ltr'>Gulielmus</span> <span class='ocrx_word' id='word_1_87' title='bbox 539 1310 612 1358; x_wconf 80' lang='lat' dir='ltr'>jam</span> <span class='ocrx_word' id='word_1_88' title='bbox 648 1308 712 1346; x_wconf 87' lang='lat' dir='ltr'>diu</span> <span class='ocrx_word' id='word_1_89' title='bbox 741 1307 841 1355; x_wconf 89' lang='lat' dir='ltr'>spem</span> <span class='ocrx_word' id='word_1_90' title='bbox 878 1307 1049 1354; x_wconf 85' lang='lat' dir='ltr'>foverat,</span> <span class='ocrx_word' id='word_1_91' title='bbox 1096 1303 1178 1344; x_wconf 86' lang='lat' dir='ltr'>fore</span> <span class='ocrx_word' id='word_1_92' title='bbox 1211 1305 1276 1343; x_wconf 86' lang='lat' dir='ltr'>ali-</span> 
     </span>
     <span class='ocr_line' id='line_1_16' title="bbox 164 1375 1279 1426; baseline -0.003 -10"><span class='ocrx_word' id='word_1_93' title='bbox 164 1379 339 1426; x_wconf 79' lang='lat' dir='ltr'>quando,</span> <span class='ocrx_word' id='word_1_94' title='bbox 366 1386 409 1416; x_wconf 84' lang='lat' dir='ltr'>ut</span> <span class='ocrx_word' id='word_1_95' title='bbox 441 1377 622 1416; x_wconf 83' lang='lat' dir='ltr'>libertatis</span> <span class='ocrx_word' id='word_1_96' title='bbox 658 1378 819 1416; x_wconf 89' lang='lat' dir='ltr'>studium</span> <span class='ocrx_word' id='word_1_97' title='bbox 846 1387 955 1414; x_wconf 86' lang='lat' dir='ltr'>omne</span> <span class='ocrx_word' id='word_1_98' title='bbox 982 1375 1149 1425; x_wconf 87' lang='lat' dir='ltr'>Belgium</span> <span class='ocrx_word' id='word_1_99' title='bbox 1177 1381 1279 1414; x_wconf 74' lang='lat' dir='ltr'>tene-</span> 
     </span>
     <span class='ocr_line' id='line_1_17' title="bbox 164 1446 1280 1496; baseline -0.003 -10"><span class='ocrx_word' id='word_1_100' title='bbox 164 1457 247 1495; x_wconf 85' lang='lat' dir='ltr'>ret,</span> <span class='ocrx_word' id='word_1_101' title='bbox 274 1459 480 1496; x_wconf 86' lang='lat' dir='ltr'>omnesque</span> <span class='ocrx_word' id='word_1_102' title='bbox 513 1449 557 1486; x_wconf 89' lang='lat' dir='ltr'>ad</span> <span class='ocrx_word' id='word_1_103' title='bbox 585 1447 774 1496; x_wconf 86' lang='lat' dir='ltr'>Hispanos</span> <span class='ocrx_word' id='word_1_104' title='bbox 801 1446 1038 1495; x_wconf 89' lang='lat' dir='ltr'>depellendos</span> <span class='ocrx_word' id='word_1_105' title='bbox 1075 1446 1280 1495; x_wconf 79' lang='lat' dir='ltr'>conjunge-</span> 
     </span>
     <span class='ocr_line' id='line_1_18' title="bbox 166 1507 1280 1566; baseline -0.002 -12"><span class='ocrx_word' id='word_1_106' title='bbox 166 1525 238 1555; x_wconf 87' lang='lat' dir='ltr'>ret.</span> <span class='ocrx_word' id='word_1_107' title='bbox 289 1517 414 1566; x_wconf 84' lang='lat' dir='ltr'>Quare</span> <span class='ocrx_word' id='word_1_108' title='bbox 448 1516 521 1554; x_wconf 77' lang='lat' dir='ltr'>hoe</span> <span class='ocrx_word' id='word_1_109' title='bbox 542 1507 676 1554; x_wconf 77' lang='lat' dir='ltr'>nuntio</span> <span class='ocrx_word' id='word_1_110' title='bbox 709 1515 803 1554; x_wconf 85' lang='lat' dir='ltr'>nihil</span> <span class='ocrx_word' id='word_1_111' title='bbox 838 1514 1042 1564; x_wconf 85' lang='lat' dir='ltr'>optabilius</span> <span class='ocrx_word' id='word_1_112' title='bbox 1076 1513 1110 1553; x_wconf 88' lang='lat' dir='ltr'>ei</span> <span class='ocrx_word' id='word_1_113' title='bbox 1140 1514 1280 1553; x_wconf 79' lang='lat' dir='ltr'>accide-</span> 
     </span>
     <span class='ocr_line' id='line_1_19' title="bbox 167 1593 398 1634; baseline -0.004 -11"><span class='ocrx_word' id='word_1_114' title='bbox 167 1596 207 1623; x_wconf 89' lang='lat' dir='ltr'>re</span> <span class='ocrx_word' id='word_1_115' title='bbox 239 1593 398 1634; x_wconf 89' lang='lat' dir='ltr'>poterat.</span> 
     </span>
    </p>

    <p class='ocr_par' dir='ltr' id='par_1_3' title="bbox 178 1648 1289 1842">
     <span class='ocr_line' id='line_1_20' title="bbox 225 1648 1285 1700; baseline 0.001 -9"><span class='ocrx_word' id='word_1_116' title='bbox 225 1654 352 1700; x_wconf 84' lang='lat' dir='ltr'>Itaque</span> <span class='ocrx_word' id='word_1_117' title='bbox 385 1651 685 1691; x_wconf 86' lang='lat' dir='ltr'>Gulielmus</span> <span class='ocrx_word' id='word_1_118' title='bbox 731 1653 949 1692; x_wconf 87' lang='lat' dir='ltr'>Hollandiae</span> <span class='ocrx_word' id='word_1_119' title='bbox 995 1661 1032 1691; x_wconf 91' lang='lat' dir='ltr'>et</span> <span class='ocrx_word' id='word_1_120' title='bbox 1068 1648 1285 1692; x_wconf 86' lang='lat' dir='ltr'>Zeelandiae</span> 
     </span>
     <span class='ocr_line' id='line_1_21' title="bbox 178 1722 1289 1773; baseline 0.002 -13"><span class='ocrx_word' id='word_1_121' title='bbox 178 1722 337 1761; x_wconf 87' lang='lat' dir='ltr'>Ordines</span> <span class='ocrx_word' id='word_1_122' title='bbox 377 1723 598 1770; x_wconf 82' lang='lat' dir='ltr'>admonuit,</span> <span class='ocrx_word' id='word_1_123' title='bbox 648 1732 690 1761; x_wconf 91' lang='lat' dir='ltr'>ut</span> <span class='ocrx_word' id='word_1_124' title='bbox 721 1735 759 1761; x_wconf 90' lang='lat' dir='ltr'>re</span> <span class='ocrx_word' id='word_1_125' title='bbox 800 1734 967 1762; x_wconf 88' lang='lat' dir='ltr'>accurate</span> <span class='ocrx_word' id='word_1_126' title='bbox 1002 1724 1205 1773; x_wconf 81' lang='lat' dir='ltr'>ponderata</span> <span class='ocrx_word' id='word_1_127' title='bbox 1251 1733 1289 1762; x_wconf 87' lang='lat' dir='ltr'>et</span> 
     </span>
     <span class='ocr_line' id='line_1_22' title="bbox 181 1791 1148 1842; baseline 0.001 -11"><span class='ocrx_word' id='word_1_128' title='bbox 181 1793 386 1831; x_wconf 85' lang='lat' dir='ltr'>examinata</span> <span class='ocrx_word' id='word_1_129' title='bbox 423 1791 507 1829; x_wconf 92' lang='lat' dir='ltr'>suos</span> <span class='ocrx_word' id='word_1_130' title='bbox 536 1792 751 1831; x_wconf 85' lang='lat' dir='ltr'>Gandaurm</span> <span class='ocrx_word' id='word_1_131' title='bbox 783 1794 924 1842; x_wconf 85' lang='lat' dir='ltr'>legatos</span> <span class='ocrx_word' id='word_1_132' title='bbox 949 1793 1148 1832; x_wconf 76' lang='lat' dir='ltr'>mitterent.</span> 
     </span>
    </p>

    <p class='ocr_par' dir='ltr' id='par_1_4' title="bbox 179 1862 1299 2189">
     <span class='ocr_line' id='line_1_23' title="bbox 231 1862 1294 1912; baseline -0.002 -10"><span class='ocrx_word' id='word_1_133' title='bbox 231 1864 434 1909; x_wconf 86' lang='lat' dir='ltr'>Postquam</span> <span class='ocrx_word' id='word_1_134' title='bbox 462 1873 589 1899; x_wconf 88' lang='lat' dir='ltr'>omnes</span> <span class='ocrx_word' id='word_1_135' title='bbox 625 1872 899 1910; x_wconf 85' lang='lat' dir='ltr'>convenerant,</span> <span class='ocrx_word' id='word_1_136' title='bbox 927 1863 1089 1902; x_wconf 87' lang='lat' dir='ltr'>miseram</span> <span class='ocrx_word' id='word_1_137' title='bbox 1115 1862 1294 1912; x_wconf 59' lang='lat' dir='ltr'>reipublid</span> 
     </span>
     <span class='ocr_line' id='line_1_24' title="bbox 179 1931 1291 1982; baseline 0 -11"><span class='ocrx_word' id='word_1_138' title='bbox 179 1943 242 1971; x_wconf 85' lang='lat' dir='ltr'>cae</span> <span class='ocrx_word' id='word_1_139' title='bbox 269 1931 521 1970; x_wconf 83' lang='lat' dir='ltr'>conditionem</span> <span class='ocrx_word' id='word_1_140' title='bbox 549 1933 782 1970; x_wconf 85' lang='lat' dir='ltr'>vehementer</span> <span class='ocrx_word' id='word_1_141' title='bbox 807 1934 1046 1981; x_wconf 85' lang='lat' dir='ltr'>deplorarunt</span> <span class='ocrx_word' id='word_1_142' title='bbox 1069 1942 1105 1971; x_wconf 91' lang='lat' dir='ltr'>et</span> <span class='ocrx_word' id='word_1_143' title='bbox 1132 1934 1291 1982; x_wconf 56' lang='lat' dir='ltr'>praecia*</span> 
     </span>
     <span class='ocr_line' id='line_1_25' title="bbox 180 2002 1295 2052; baseline -0.001 -11"><span class='ocrx_word' id='word_1_144' title='bbox 180 2012 218 2041; x_wconf 85' lang='lat' dir='ltr'>re</span> <span class='ocrx_word' id='word_1_145' title='bbox 233 2002 499 2052; x_wconf 79' lang='lat' dir='ltr'>perspexerunt</span> <span class='ocrx_word' id='word_1_146' title='bbox 515 2031 529 2049; x_wconf 88' lang='lat'>.‚</span> <span class='ocrx_word' id='word_1_147' title='bbox 544 2002 798 2051; x_wconf 86' lang='lat' dir='ltr'>Hispanorum</span> <span class='ocrx_word' id='word_1_148' title='bbox 815 2003 1150 2042; x_wconf 84' lang='lat' dir='ltr'>machinationibus</span> <span class='ocrx_word' id='word_1_149' title='bbox 1162 2004 1295 2052; x_wconf 88' lang='lat' dir='ltr'>decep-</span> 
     </span>
     <span class='ocr_line' id='line_1_26' title="bbox 185 2070 1297 2120; baseline -0.003 -9"><span class='ocrx_word' id='word_1_150' title='bbox 185 2072 387 2119; x_wconf 82' lang='lat' dir='ltr'>tos,cives</span> <span class='ocrx_word' id='word_1_151' title='bbox 406 2071 470 2109; x_wconf 81' lang='lat' dir='ltr'>fibi</span> <span class='ocrx_word' id='word_1_152' title='bbox 495 2071 652 2110; x_wconf 90' lang='lat' dir='ltr'>invicem</span> <span class='ocrx_word' id='word_1_153' title='bbox 677 2073 812 2110; x_wconf 88' lang='lat' dir='ltr'>bellum</span> <span class='ocrx_word' id='word_1_154' title='bbox 836 2072 1015 2110; x_wconf 85' lang='lat' dir='ltr'>intulisse.</span> <span class='ocrx_word' id='word_1_155' title='bbox 1045 2072 1206 2110; x_wconf 89' lang='lat' dir='ltr'>Primum</span> <span class='ocrx_word' id='word_1_156' title='bbox 1229 2070 1297 2120; x_wconf 88' lang='lat' dir='ltr'>igi-</span> 
     </span>
     <span class='ocr_line' id='line_1_27' title="bbox 185 2139 1299 2189; baseline 0 -9"><span class='ocrx_word' id='word_1_157' title='bbox 185 2149 245 2180; x_wconf 86' lang='lat' dir='ltr'>tur</span> <span class='ocrx_word' id='word_1_158' title='bbox 282 2140 446 2179; x_wconf 87' lang='lat' dir='ltr'>inducias</span> <span class='ocrx_word' id='word_1_159' title='bbox 485 2139 605 2179; x_wconf 84' lang='lat' dir='ltr'>facere</span> <span class='ocrx_word' id='word_1_160' title='bbox 643 2143 884 2181; x_wconf 85' lang='lat' dir='ltr'>decreverunt</span> <span class='ocrx_word' id='word_1_161' title='bbox 920 2142 1096 2189; x_wconf 77' lang='lat' dir='ltr'>civesque</span> <span class='ocrx_word' id='word_1_162' title='bbox 1133 2141 1200 2180; x_wconf 84' lang='lat' dir='ltr'>fibi</span> <span class='ocrx_word' id='word_1_163' title='bbox 1242 2142 1299 2180; x_wconf 51' lang='lat' dir='ltr'>in*</span> 
     </span>
    </p>
   </div>
   <div class='ocr_carea' id='block_1_2' title="bbox 1244 2210 1299 2249">
    <p class='ocr_par' dir='ltr' id='par_1_5' title="bbox 1244 2210 1299 2249">
     <span class='ocr_line' id='line_1_28' title="bbox 1244 2210 1299 2249; baseline -0.036 0"><span class='ocrx_word' id='word_1_164' title='bbox 1244 2210 1299 2249; x_wconf 89' lang='lat' dir='ltr'>vi-</span> 
     </span>
    </p>
   </div>
   <div class='ocr_carea' id='block_1_3' title="bbox 190 2311 1292 2414">
    <p class='ocr_par' dir='ltr' id='par_1_6' title="bbox 190 2311 1292 2414">
     <span class='ocr_line' id='line_1_29' title="bbox 228 2311 1292 2356; baseline -0.002 -8"><span class='ocrx_word' id='word_1_165' title='bbox 228 2319 280 2356; x_wconf 81' lang='grc' dir='ltr'>(ι)</span> <span class='ocrx_word' id='word_1_166' title='bbox 301 2319 372 2349; x_wconf 72' lang='lat' dir='ltr'>vid.</span> <span class='ocrx_word' id='word_1_167' title='bbox 393 2319 482 2351; x_wconf 75' lang='lat' dir='ltr'>nor,</span> <span class='ocrx_word' id='word_1_168' title='bbox 520 2321 580 2355; x_wconf 85' lang='lat' dir='ltr'>op.</span> <span class='ocrx_word' id='word_1_169' title='bbox 602 2320 622 2349; x_wconf 81' lang='grc' dir='ltr'>ι.</span> <span class='ocrx_word' id='word_1_170' title='bbox 644 2319 726 2349; x_wconf 84' lang='lat' dir='ltr'>Libr.</span> <span class='ocrx_word' id='word_1_171' title='bbox 759 2320 812 2350; x_wconf 80' lang='lat' dir='ltr'>lx.</span> <span class='ocrx_word' id='word_1_172' title='bbox 842 2317 899 2349; x_wconf 78' lang='lat' dir='ltr'><strong>fol.</strong></span> <span class='ocrx_word' id='word_1_173' title='bbox 924 2326 990 2353; x_wconf 68' lang='grc' dir='ltr'>ω.</span> <span class='ocrx_word' id='word_1_174' title='bbox 1012 2319 1056 2354; x_wconf 86' lang='lat' dir='ltr'>sq.</span> <span class='ocrx_word' id='word_1_175' title='bbox 1085 2331 1123 2340; x_wconf 91' lang='lat'>--</span> <span class='ocrx_word' id='word_1_176' title='bbox 1149 2311 1292 2354; x_wconf 68' lang='lat' dir='ltr'>nourr,</span> 
     </span>
     <span class='ocr_line' id='line_1_30' title="bbox 190 2374 1125 2414; baseline -0.002 -10"><span class='ocrx_word' id='word_1_177' title='bbox 190 2375 283 2410; x_wconf 81' lang='lat' dir='ltr'>op.1.</span> <span class='ocrx_word' id='word_1_178' title='bbox 303 2383 370 2410; x_wconf 70' lang='lat' dir='ltr'>pag.</span> <span class='ocrx_word' id='word_1_179' title='bbox 392 2379 461 2414; x_wconf 74' lang='lat'>4⁶¹«</span> <span class='ocrx_word' id='word_1_180' title='bbox 485 2375 530 2410; x_wconf 80' lang='lat' dir='ltr'>sq.</span> <span class='ocrx_word' id='word_1_181' title='bbox 558 2391 602 2400; x_wconf 92' lang='lat'>-</span> <span class='ocrx_word' id='word_1_182' title='bbox 632 2375 732 2404; x_wconf 72' lang='lat' dir='ltr'>Lmen</span> <span class='ocrx_word' id='word_1_183' title='bbox 759 2383 819 2405; x_wconf 83' lang='lat' dir='ltr'>eet.</span> <span class='ocrx_word' id='word_1_184' title='bbox 842 2376 882 2406; x_wconf 84' lang='lat'>11.</span> <span class='ocrx_word' id='word_1_185' title='bbox 901 2383 970 2412; x_wconf 73' lang='lat' dir='ltr'>pag.</span> <span class='ocrx_word' id='word_1_186' title='bbox 991 2376 1061 2412; x_wconf 75' lang='lat'><strong>4⁶⁶·</strong></span> <span class='ocrx_word' id='word_1_187' title='bbox 1079 2374 1125 2409; x_wconf 65' lang='grc' dir='ltr'>ίῳ</span> 
     </span>
    </p>
   </div>
   <div class='ocr_carea' id='block_1_4' title="bbox 694 2429 780 2470">
    <p class='ocr_par' dir='ltr' id='par_1_7' title="bbox 694 2429 780 2470">
     <span class='ocr_line' id='line_1_31' title="bbox 694 2429 780 2470; baseline 0 0"><span class='ocrx_word' id='word_1_188' title='bbox 694 2429 780 2470; x_wconf 67' lang='lat' dir='ltr'>La</span> 
     </span>
    </p>
   </div>
  </div>
 </body>
</html>
