1483 2860
285 245 357 292 138
507 239 1175 282 COMMENTAT-lo

281 350 497 401 „confilio
524 349 680 389 firmiter
712 348 1051 399 perseverabimus,
1079 348 1197 391 donee
1214 349 1320 398 tibi,›
1340 361 1407 389 au·

283 449 318 471 ‚,
345 420 557 471 gustisfime
589 420 700 467 Rex,
737 417 904 467 querelas
926 426 1074 457 nostras
1109 429 1314 467 precesque
1339 419 1404 458 be·

279 518 314 540 „
339 491 486 530 nevolis
513 489 668 528 auribus
693 488 866 538 excipere
897 497 1009 537 atque
1031 489 1114 538 jura
1145 497 1278 527 contra
1316 497 1400 539 tan?

277 589 310 611 „
337 570 410 600 tam
433 561 511 601 vim
544 559 773 607 defendere,
800 561 958 608 placeat.
1011 558 1165 598 Etenim
1200 557 1395 607 gloriosam

268 640 310 680 ¹„
337 642 408 682 pro
452 631 623 669 libertate
654 639 691 669 et
725 631 876 679 patriae
901 629 1018 672 salute
1050 639 1223 668 mortem,
1243 628 1397 678 subire,

276 729 310 751 „
342 712 453 750 quam
479 702 518 740 in
548 709 697 750 turpem
724 699 934 738 servitutem
964 700 1119 738 transire
1149 699 1261 738 nobis
1284 699 1397 748 longe

278 799 312 821 ,‚
337 771 519 821 praestare
551 771 714 810 videtur.
770 770 871 810 Tum
891 770 1104 820 posteritati
1127 778 1278 808 nostrae
1304 770 1398 809 hanc

275 870 308 891 ,‚
336 841 591 890 relinquemus
610 840 792 889 gloriam,
821 851 886 878 eos
906 851 952 878 ex
980 839 1184 888 majoribus
1208 848 1314 877 ortos
1341 851 1401 877 es-

278 939 310 962 „
336 912 372 950 se
388 940 402 960 ,
435 913 501 959 qui
535 911 792 959 Hispanorum
823 908 1081 957 Inquifitionis
1104 907 1197 948 servi
1223 907 1300 946 esse
1330 918 1400 946 no·

274 1010 307 1033 „
333 980 494 1021 luerunt
513 989 748 1028 mortemque
773 981 968 1018 honestam
990 978 1092 1027 turpi
1126 978 1224 1018 vitae
1252 987 1400 1027 praetu-

276 1081 309 1103 „
335 1054 473 1091 lerunt.
528 1052 600 1090 Pro
619 1051 826 1089 animorum
843 1049 1043 1096 libertate,
1074 1060 1143 1097 pro
1170 1059 1330 1086 uxorum
1357 1047 1404 1087 li·

273 1151 306 1172 ,‚
332 1123 587 1170 berorumque
608 1120 685 1159 vita
711 1132 809 1159 arma
825 1120 1008 1166 ferimus,
1035 1128 1280 1167 quocertum
1306 1118 1399 1166 fiat,

274 1221 306 1242 „
337 1202 464 1231 utrum
503 1191 736 1231 Albanus
785 1190 926 1229 crudeli
966 1189 1033 1227 suo
1072 1189 1230 1237 imperio
1275 1189 1399 1227 omnia

276 1292 309 1312 „
336 1263 571 1313 subJ’ecturus
611 1261 681 1308 fit,
724 1272 770 1299 an
806 1260 957 1310 patriam
995 1261 1040 1298 ad
1068 1271 1272 1298 extremum
1307 1260 1401 1298 hali-

274 1360 307 1382 „
335 1340 415 1371 tum
448 1334 530 1372 Deo
561 1330 709 1379 optimo
747 1331 894 1379 tibique
930 1330 1109 1369 servaturi
1140 1340 1177 1368 et
1209 1330 1397 1369 defensuri

275 1432 306 1453 ‚‚
335 1403 463 1442 fimus.
516 1402 627 1440 Vitae
667 1411 817 1439 nostrae
853 1401 1052 1439 terminum
1079 1402 1272 1448 quemdam
1298 1400 1398 1450 pofi·
1462 1385 1483 1434 s

275 1502 307 1523 ‚,
333 1484 415 1512 tum
452 1471 529 1511 esse
565 1471 716 1510 scimus.
757 1471 909 1519 Hunc,
950 1471 1123 1509 Albani
1165 1471 1272 1512 venia
1300 1470 1397 1510 acci·

273 1572 305 1594 „
332 1543 487 1592 pienda‚
516 1543 690 1580 excedere
713 1544 907 1579 nolumus.
963 1541 1204 1590 Quapropter
1239 1549 1276 1579 te
1311 1553 1396 1590 pre-

271 1642 304 1663 „
330 1625 483 1660 camur,
529 1611 788 1659 augustissime
823 1623 915 1658 rex,
956 1620 999 1650 ut
1036 1613 1203 1659 querelas
1244 1620 1394 1650 nostras

272 1711 305 1731 „
331 1681 458 1720 audias
486 1691 729 1728 nostramque
766 1680 804 1718 in
838 1679 981 1718 causam
1016 1680 1092 1729 ipse
1123 1681 1321 1729 inquiras,
1349 1693 1397 1720 ne

272 1782 304 1802 „
331 1752 438 1791 venia
473 1752 714 1799 accipienda,
736 1751 847 1790 nobis
882 1752 1120 1799 posterisque
1157 1753 1298 1790 nostris
1326 1752 1397 1791 Di·
1444 1797 1446 1803 Α

277 1851 311 1871 ‚,
336 1823 418 1861 vini
454 1821 622 1871 regiique
655 1821 787 1860 violati
820 1821 989 1870 obsequii
1024 1821 1143 1861 labem
1181 1822 1398 1870 adspergere
1434 1861 1438 1864 Α
1479 1817 1483 1830 ’

273 1922 306 1942 ,,
334 1903 526 1942 cogamur.

325 1990 356 2010 „
386 1963 447 2001 An
477 1962 714 2000 Albanus
750 1960 888 1999 summa
914 1961 951 1998 in
977 1961 1108 2010 Belgas
1136 1960 1272 2011 inJ’uria
1306 1961 1393 2005 usus

273 2061 306 2081 ,‚
334 2031 404 2080 fit,
444 2043 491 2070 ne
520 2031 667 2070 dubites
685 2060 699 2079 ‚
728 2031 870 2079 quippe
899 2031 1003 2079 quod
1042 2042 1088 2069 ex
1111 2030 1228 2080 ipfius
1269 2031 1393 2070 verbis

273 2131 305 2152 ‚‚
333 2102 479 2141 abunde
515 2110 652 2151 pateat.
704 2102 748 2139 In
778 2101 824 2140 iis
860 2101 986 2148 enim,
1017 2113 1110 2149 quas
1139 2102 1186 2140 ad
1219 2112 1291 2140 nos
1331 2101 1395 2144 de-

272 2202 303 2223 „
333 2174 389 2212 dit
405 2201 420 2222 ,
446 2172 586 2219 literis,
627 2173 786 2222 ingenue
811 2173 977 2219 fatetur,
1005 2172 1137 2221 Belgas
1164 2180 1270 2211 antea
1296 2171 1394 2222 regis

272 2271 308 2294 ‚,
333 2244 491 2294 imperio
504 2243 701 2293 diligenter
720 2241 930 2283 obedivisse
943 2251 979 2282 et
995 2241 1103 2283 etiam
1120 2253 1220 2283 nunc
1242 2242 1396 2283 obsecu-

1279 2339 1312 2361 υ
1340 2319 1398 2349 ω·

1474 2761 1482 2860 .-ι-ψ
1480 2654 1483 2741 ——
1481 2603 1483 2633 -
1481 2571 1483 2575 .
