1560 2860
393 272 926 319 ORATIO.
1155 274 1211 319 69

54 467 59 472 ⁷
93 418 308 474 partium
337 416 662 470 dispositione,
695 416 939 473 conjuncta
983 428 1086 454 cum
1127 429 1211 455 ar·-

86 495 304 551 'gumenti
342 493 644 543 tractatione,
679 507 774 547 pro
789 492 994 547 juvenili
1029 498 1208 542 aetate,

95 571 210 610 satis
280 569 423 619 bona,
484 582 531 608 se
576 568 817 609 Facultati
859 568 1211 610 'commendavit

95 646 428 689 commentatio.

148 722 351 777 Apertis
393 728 548 762 autem
584 719 763 773 literis,
793 721 901 762 huic
930 725 1210 763 commenta-

94 800 208 841 tioni
242 798 505 854 adjunctis,
536 799 737 853 scriptor
766 799 995 853 apparuit

220 950 399 993 Janus
448 950 715 994 Jacobus
755 949 1080 1009 Hinfflpen,

245 1027 279 1056 in
302 1026 474 1057 Academia
498 1025 726 1067 Rheno-Traj.
750 1026 822 1057 Jur.
843 1025 921 1057 Utr.
943 1026 1046 1057 caud.

99 1143 190 1200 ,Qui
215 1159 317 1185 cum
342 1159 497 1185 coram
510 1144 750 1186 Facultate
779 1160 906 1186 omne
931 1160 1064 1187 suum
1091 1146 1214 1186 scri-

95 1222 230 1263 bendi
255 1222 495 1262 consilium
521 1228 737 1262 accurate
767 1224 1049 1277 exposuisset
1071 1229 1115 1263 et
1131 1224 1215 1264 de-

96 1300 321 1340 clarasset
339 1328 350 1350 ,
382 1305 519 1354 atque
545 1305 847 1353 argumenta,
879 1300 972 1354 ipsi
1007 1299 1182 1354 objecta
1199 1329 1212 1350 ,

97 1375 371 1430 refellisset,
402 1389 490 1416 uno
531 1382 576 1416 et
591 1377 710 1430 pari
737 1377 938 1417 omnium
969 1391 1213 1428 consensu,

95 1467 233 1496 verus
285 1454 676 1494 commentationis
723 1459 888 1509 auctor
931 1453 1117 1494 habitus
1170 1459 1215 1494 et

98 1530 391 1571 renuntiatus
429 1536 512 1573 est.

153 1662 369 1707 Escendas
401 1661 528 1721 igitur
551 1662 646 1716 Tu,
677 1663 942 1708 ornatissime
971 1663 998 1707 J
1007 1676 1098 1707 ane
1127 1662 1154 1706 J
1163 1677 1216 1706 a-

99 1739 228 1783 cobe
268 1738 562 1797 Hinldpen!
601 1761 654 1772 —
714 1740 857 1785 Hoece
908 1740 1008 1785 Tibi
1057 1740 1216 1784 tradito

97 1815 312 1875 praemio,
343 1830 470 1872 quam
499 1815 699 1870 feliciter,
729 1816 774 1860 in
799 1817 913 1861 Juris
936 1817 1122 1862 Romani
1147 1824 1217 1861 at-

100 1908 183 1951 que
224 1892 429 1937 Hodierni
478 1893 574 1937 loco
615 1893 867 1952 gravissimo
905 1894 1216 1953 comparando,

97 1978 287 2017 versatus
310 1971 393 2024 sis,
422 1971 563 2030 palam
589 1970 840 2016 declaratur.
901 1971 1048 2028 Itaque
1075 1971 1219 2016 nomi-

54 2053 60 2061 ‘
100 2049 192 2102 nis,
221 2048 265 2091 in
292 2047 479 2092 Historia
506 2047 673 2092 Patriae
701 2050 824 2092 sacra
853 2055 894 2093 et
919 2048 1029 2092 civili
1056 2056 1096 2093 et
1119 2049 1217 2093 lite-

101 2126 220 2179 ratfi,
251 2124 378 2179 clari,
409 2123 613 2178 nominis,
643 2124 840 2182 inquam,
870 2124 1219 2184 Hinldpenia—

102 2201 158 2245 ni
205 2200 376 2259 dignum
417 2200 482 2244 Te
524 2200 750 2246 haeredem
794 2201 1052 2260 praestitisti.
1124 2201 1217 2254 Tu,

106 2291 191 2336 quo
229 2277 405 2335 coepisti
431 2277 583 2332 modo,
615 2278 911 2337 progredieris.
1001 2271 1098 2336 Quo
1125 2279 1220 2322 sac-

105 2361 178 2408 to,
210 2351 328 2397 Tuos
356 2365 434 2410 per
465 2361 641 2399 conatus
655 2387 668 2409 ,
699 2354 815 2400 Patri
845 2355 961 2411 Tuo,
992 2355 1095 2400 Viro
1125 2370 1219 2399 am-

1116 2431 1226 2490 plis-
