1483 2860
378 274 937 315 LITERARIQ-
1138 289 1185 326 m

76 385 156 426 dini
181 393 325 434 tantum
351 394 585 434 competere,
600 385 790 434 exposuit.
831 384 1004 432 Denique
1024 385 1059 423 se
1082 386 1194 422 vehe-

74 463 218 496 menter
242 463 397 504 optare,
423 463 466 493 ut
491 453 599 494 causa
624 454 686 494 sua
715 454 762 492 ab
791 455 1018 503 Imperatore
1042 456 1194 494 Electo-

75 525 182 568 tibus
208 525 337 564 aliisve
359 524 506 564 idoneis
531 525 722 575 judicibus
747 525 1013 575 dijudicaretur
1049 523 1197 574 profes÷

72 595 135 636 sus
166 603 226 634 est
255 595 341 645 (Ἰ).

122 666 267 705 Eodem
297 663 376 703 fere
409 674 578 715 tempore
606 664 817 714 apologiam
851 663 1095 713 conscripsit,
1124 676 1197 711 qua

76 746 197 774 rerum
210 743 397 784 gestarum
413 736 576 774 rationes
601 736 711 775 latius
735 735 934 785 exposuit3
960 746 1070 783 quarn
1095 734 1200 772 dein·

72 812 161 854 ceps
191 803 340 854 puinci
371 805 467 854 iuris
493 804 597 843 fecit.

122 874 253 924 Quum
291 874 511 913 muneribus
543 875 619 913 suis
658 873 693 913 se
733 873 921 913 abdicaret
959 882 996 912 et
1019 885 1040 912 e
1070 873 1201 921 BelgIO

75 944 271 984 decederet
297 943 424 983 Guli
441 946 600 983 elmus
617 972 630 992 ‚
668 946 812 983 nullum
841 945 1034 993 negotium
1070 942 1104 981 se
1139 943 1204 982 ad·

78 1013 207 1054 versus
239 1024 364 1062 regem
408 1012 668 1062 suscepturum
703 1014 778 1052 esse
813 1014 942 1062 dixit,
989 1015 1107 1052 donec
1142 1013 1203 1051 hic

79 1082 272 1131 personam
311 1085 390 1133 ejus
429 1093 465 1122 et
504 1084 771 1132 bonagintacta
810 1084 1050 1133 relinqueret.
1094 1084 1158 1123 Ph
1174 1083 1204 1120 i-

81 1152 193 1201 lipp
208 1164 265 1192 us
304 1164 393 1190 vero
425 1163 461 1190 et
487 1155 522 1191 A
537 1155 549 1191 1
565 1154 585 1190 b
600 1164 695 1192 anu
710 1166 727 1191 s
756 1166 840 1192 eum
869 1156 942 1204 jam
965 1154 1124 1202 turpiter
1145 1154 1207 1192 ad-

83 1222 155 1261 orti
195 1231 297 1262 erant
334 1222 509 1270 bonaque
544 1224 624 1273 ejus
666 1224 921 1271 imprudenter
957 1224 997 1261 in
1027 1224 1205 1262 aerarium

83 1294 297 1344 retulerant.
372 1293 499 1343 Quare
527 1293 719 1342 promisfis
770 1295 929 1344 amplius
973 1293 1087 1341 stare,
1126 1304 1204 1331 non

85 1362 234 1402 necesse
265 1372 341 1403 erat
365 1363 451 1412 (ε).

136 1433 330 1481 Belgium,
393 1433 499 1481 quod
538 1442 694 1482 paterno
744 1445 868 1471 amore
924 1444 1047 1472 carum
1095 1433 1209 1471 habe·

85 1502 174 1550 bat,
250 1504 359 1552 quus
415 1504 520 1542 saluti
566 1504 712 1542 strenue
753 1503 893 1552 semper
927 1505 1195 1552 prospexer'at,

87 1583 158 1621 pro
212 1584 288 1620 quo
344 1572 489 1622 saepius
544 1574 641 1612 vitae
689 1573 773 1612 suae
819 1574 1024 1622 periculum
1071 1573 1209 1611 fecerat

1140 1643 1210 1680 im·

123 1716 176 1753 (1)
198 1716 269 1746 Vid.
291 1719 391 1755 Bor,
411 1720 467 1755 Op.
487 1721 508 1748 1.
531 1719 601 1748 Lib.
633 1720 690 1749 1v.
717 1720 779 1749 fol.
820 1724 886 1751 161.
916 1720 980 1756 sqq.
1016 1733 1054 1741 —
1085 1719 1210 1754 Leven,

86 1774 131 1804 11.
152 1782 220 1811 pag.
243 1779 290 1809 38.
319 1776 386 1812 sqq.
409 1794 452 1802 —-
476 1778 570 1812 Apol.
602 1785 670 1812 pag.
703 1781 751 1807 81.
782 1777 848 1813 sqq.
881 1793 923 1801 -—
954 1779 1106 1814 Hooft,
1133 1784 1205 1813 pag.

94 1833 161 1862 168.

124 1889 179 1928 (α)
199 1890 271 1920 Vid.
294 1891 385 1926 Apol.
403 1899 471 1926 pag.
491 1899 542 1920 21.
559 1892 612 1920 ubi
629 1893 703 1921 haec
725 1893 974 1922 Gulielmus:
1003 1912 1026 1929 „
1047 1895 1107 1922 Soo
1125 1901 1209 1921 moe·

88 1965 113 1983 „
132 1953 185 1975 ten
203 1946 235 1975 se
257 1949 319 1976 wel
342 1955 462 1983 weten,
493 1949 542 1976 dat
571 1949 600 1976 se
626 1950 686 1977 hen
713 1951 772 1978 doe
796 1952 856 1978 wel
885 1951 1002 1978 hadden
1026 1952 1153 1985 moghen
1178 1958 1209 1979 te

84 2020 115 2040 ‚,
133 2005 249 2032 vreden
267 2005 388 2032 houden
407 2012 469 2034 met
487 2013 542 2034 ons
564 2006 721 2040 gewillich
742 2007 985 2043 ballinckschap,
1013 2009 1130 2037 zonder
1155 2016 1210 2038 ons

87 2079 115 2097 „
135 2062 268 2089 voorder
284 2067 313 2089 te
331 2063 539 2097 vervolghen,
561 2063 632 2091 selfs
659 2065 854 2100 ghemerckt‚
875 2066 924 2094 dat
943 2074 994 2100 wy
1013 2067 1072 2093 hen
1093 2067 1211 2094 hadden

93 2133 118 2152 ‚,
137 2116 217 2145 doen
243 2124 346 2144 weten
373 2118 412 2152 by
437 2118 570 2146 zekeren
598 2120 730 2154 persoon
766 2129 824 2149 van
857 2122 1026 2157 quantem,
1052 2122 1102 2150 die
1129 2124 1211 2151 noch

93 2190 120 2208 „
138 2173 179 2208 by
202 2174 294 2202 leven
315 2175 359 2208 is,
381 2182 462 2203 waer
481 2173 504 2203 ’t
519 2176 568 2204 dat
587 2184 624 2205 ze
647 2177 812 2205 bestonden
832 2186 887 2206 ons
907 2186 959 2206 aan
983 2179 1056 2206 onse
1078 2187 1149 2207 eere
1165 2179 1213 2208 of-

96 2247 122 2265 „
141 2235 172 2257 te
189 2231 340 2264 goedcren
359 2238 412 2259 aan
429 2238 458 2260 te
476 2234 686 2267 tasten,datse
698 2243 753 2264 ons
770 2236 921 2264 daerdoor
937 2236 1052 2264 souden
1070 2237 1213 2272 dwingcn

99 2303 125 2321 „
146 2291 184 2313 na
202 2292 258 2314 om
279 2289 465 2322 vermoghen
491 2288 578 2317 sulck
600 2291 690 2320 ordre
712 2291 743 2320 in
762 2292 837 2321 onse
857 2293 946 2322 sae-ke
973 2300 1002 2322 te
1027 2293 1152 2330 stenen,
1170 2295 1212 2323 ale

98 2361 124 2381 ‚,
143 2342 181 2372 de
201 2343 296 2372 noodt
317 2343 410 2373 roude
439 2346 678 2381 vereysrchen.”
