1560 2860
1205 244 1323 276 xvn

212 357 378 398 selecta
402 369 454 395 ex
485 353 822 409 Metaplzysices
855 356 1091 405 doctrina,
1121 354 1162 397 J.
1190 354 1241 397 F.
1266 354 1319 396 L}

210 417 518 474 SCHRO'DER
533 460 546 481 ‚
561 427 708 472 diebus
721 428 828 485 jovis
853 437 899 477 et
917 428 1080 473 veneris
1092 461 1107 481 ‚
1135 429 1242 477 hora
1257 429 1313 474 Π.

262 508 455 549 Littera-s·
482 507 682 548 Latinas
711 506 767 549 A.
799 517 904 550 VAN
933 507 1309 560 GOUDOEVER,

209 581 354 625 diebus
390 581 535 635 lunae,
575 582 750 636 martis,
780 583 886 639 jovis
926 590 965 627 et
992 583 1153 632 veneris
1171 614 1184 637 ‚
1227 582 1313 627 ho-

203 673 252 701 ra
280 658 332 703 X.
360 658 674 718 interpretando
716 672 811 704 cum
853 659 1067 704 Ciceronis
1101 658 1313 704 orationes

203 733 458 793 Philippicas
482 733 528 777 in
553 734 613 779 M.
626 734 854 778 Antonium
867 766 880 788 ,
898 742 986 778 tum
1005 735 1158 779 selecta
1178 748 1313 791 quae-

202 811 298 855 dam
323 812 416 855 loca
441 826 490 856 ex
525 809 664 856 Ovidii
692 810 1253 870 Metamorphoseonhbris.

256 890 332 931 De
367 890 541 945 optima
578 904 679 930 cum
713 903 969 943 puerorum
1008 889 1316 931 instituendo-

209 981 312 1007 rum
330 996 341 1016 ,
356 973 452 1006 tam
486 964 751 1006 Literarum
774 965 1112 1007 Humanior-um
1147 967 1315 1007 docen-

205 1044 372 1082 darum
411 1041 487 1082 via
529 1041 783 1095 disputabit
822 1041 878 1086 A.
910 1051 1015 1084 VAN
1051 1041 1315 1093 GOUDOE-

201 1115 345 1165 VER,
377 1114 521 1158 diebus
545 1115 742 1158 mercurii
766 1115 809 1159 h.
836 1116 872 1159 I.
895 1123 935 1160 et
959 1116 1120 1161 saturni
1144 1116 1189 1162 h.
1213 1116 1310 1161 XII.

256 1194 590 1248 Antiquitatem
624 1193 879 1234 Romanam
923 1192 1062 1236 tradet
1107 1192 1159 1237 A.
1212 1203 1313 1236 VAN

199 1269 570 1322 GOUDOEVER,
601 1267 747 1312 diebus
773 1269 922 1322 lunae,
951 1267 1172 1322 mercurii,
1202 1267 1311 1325 jovis

202 1351 244 1389 et
268 1344 427 1389 saturni
453 1344 559 1388 hora
584 1344 658 1389 IX.
904 1363 907 1366 ·

271 1423 692 1466 Exercitationibas
737 1424 971 1465 oratoriis
1018 1421 1202 1481 praeerit
1252 1422 1310 1465 A.

198 1508 296 1541 VAN
332 1497 683 1541 GOUDOEVER
700 1527 713 1548 ‚
745 1497 812 1541 die
838 1496 1034 1541 mercurii
1055 1497 1167 1541 hora
1187 1497 1283 1541 XII.

255 1575 446 1617 Literas
474 1575 677 1616 Graecas
698 1574 836 1617 tradet
850 1576 934 1618 ΡΗ.
948 1575 999 1617 G.
1013 1585 1112 1617 VAN
1125 1574 1311 1619 HEUs-

198 1652 280 1694 DE
299 1682 311 1704 ,
351 1648 669 1708 interpretando
712 1662 806 1692 cum
856 1651 1081 1692 Herodoti
1136 1650 1247 1694 libro
1274 1650 1310 1694 Ι.

196 1726 342 1770 diebus
368 1725 513 1769 martis
539 1731 579 1769 et
602 1725 790 1778 veneris,
822 1725 930 1769 hora
957 1726 1041 1770 XI:
1074 1733 1162 1770 tum
1187 1729 1310 1770 Pla-

197 1806 314 1847 toni-s·
339 1805 586 1847 Phaedone
602 1833 616 1856 ‚
647 1801 794 1847 diebus
823 1802 945 1847 lunae
980 1809 1022 1847 et
1059 1802 1193 1860 jovis,
1224 1803 1310 1848 ho-

195 1894 244 1924 ra
271 1879 344 1923 ΧΙ.

250 1957 437 2000 Literas
488 1955 751 1999 Hebraicas
807 1952 977 2017 docebit
1020 1954 1062 2000 J.
1103 1955 1166 1999 H.
1204 1954 1310 1999 PA-

195 2033 379 2086 REAU,
406 2033 464 2077 ita
503 2039 549 2076 ut
585 2033 951 2086 Grammaticam
976 2038 1184 2090 exponat,
1216 2031 1309 2076 die-

195 2109 276 2154 bus
302 2110 423 2154 lunae
449 2115 489 2153 et
518 2105 648 2165 jovis,
679 2107 787 2151 hora
815 2107 890 2152 IX.
915 2107 1143 2165 eademque
1169 2108 1306 2163 hora,

199 2184 342 2229 diebus
390 2185 534 2228 martis
586 2191 627 2229 et
676 2182 863 2238 veneris,
907 2185 1112 2242 quaedam
1154 2193 1308 2230 tractet

199 2261 349 2321 Capita
377 2277 400 2307 e
421 2265 601 2320 Regum
628 2262 795 2307 Libris.

732 2338 755 2385 Ῐ
775 2339 798 2384 '⁸2
1219 2338 1305 2385 Li-.
