1483 2860
283 147 329 192 ⁵8
506 139 1175 183 COMMENTA'rro

280 251 505 301 deposuisset
526 280 540 299 ‚
594 251 680 290 dein
724 250 839 289 eidem
877 249 1083 289 vendiderit
1131 256 1196 288 aut
1235 250 1396 291 donave-

275 322 327 361 rit
362 323 447 370 (Ι).
527 321 701 360 Vidimus
747 321 873 368 itaque
918 319 1243 369 generalem'J‘ur-is
1279 319 1394 358 Rom.

277 394 440 442 regulam
477 391 553 430 esse
589 392 630 439 (a
659 402 733 439 qua
769 402 906 439 paucae
945 391 1081 430 dantur
1107 388 1397 437 exceptiones),

268 464 544 502 com-cntionem
580 473 783 512 numquam
820 460 914 498 dare
936 462 1004 511 jus
1029 462 1069 497 in
1104 471 1145 496 rc
1159 487 1172 504 ‚
1191 457 1263 506 scd
1281 456 1336 496 ad
1355 457 1402 496 id

271 532 516 573 traditionem
544 530 716 570 accedere
747 529 889 567 debere.
944 527 1062 568 Causa
1087 528 1199 576 hujus
1232 526 1285 564 rei
1317 537 1395 564 me-

273 614 314 642 ra
335 602 459 641 civilis
480 602 652 650 videtur;
682 611 809 639 ornnes
836 599 931 637 enim
963 601 1063 648 leges
1091 597 1251 636 maxime
1269 606 1394 634 earum

273 672 467 721 gentium,
523 683 617 720 quae
660 682 789 719 parum
837 670 1003 707 excultae
1045 669 1130 707 suut
1143 696 1164 715 ‚.
1203 675 1391 706 accuratas

273 743 319 781 de
349 741 516 780 dominio
535 752 611 779 non
636 740 772 778 habent
802 739 1004 786 notiones,
1033 747 1180 776 externa
1213 738 1311 786 signa
1337 747 1393 774 re·-

274 811 457 860 quirunt,
509 823 530 849 e
573 810 712 858 quibus
760 819 900 858 pateret
944 811 989 848 ad
1029 822 1139 857 quem
1187 808 1392 847 dominium

269 881 504 931 pertineret,
551 883 642 919 adeo
683 890 724 918 ut
759 881 847 918 haec
878 880 971 928 juris
1007 878 1199 916 translatio
1227 890 1294 926 per
1321 886 1395 917 tra-

273 951 453 990 ditionem
491 951 529 988 in
565 950 703 988 civium
743 949 913 987 notitiam
952 949 1159 997 perveniret
1198 948 1282 996 (2).
1348 947 1393 986 In

266 1021 426 1060 infantia
457 1020 571 1070 igitur
602 1020 916 1070 jurisprudentiae
959 1029 1130 1056 romanae
1160 1029 1244 1055 cum
1276 1015 1394 1054 sanci-

270 1090 410 1130 vissent
440 1091 538 1129 inam
569 1091 730 1139 regulam
748 1118 761 1137 ‚
798 1089 974 1137 deinceps
1004 1088 1049 1126 ab
1079 1099 1119 1125 ea
1145 1088 1244 1125 haud
1273 1097 1392 1125 rezes-

266 1159 423 1208 serunt,
449 1160 615 1210 exceptis
646 1159 774 1209 paucis
802 1159 961 1198 casibus,
1009 1157 1162 1207 Quibus
1186 1157 1285 1204 apud
1308 1155 1389 1194 Ro-

267 1243 401 1270 manos
442 1230 590 1279 insuper
622 1230 820 1268 accedebat
857 1229 926 1267 alia
962 1226 1082 1266 causa.
1141 1226 1231 1276 Jure
1273 1224 1395 1263 veteri

264 1301 476 1340 'dominium
516 1309 592 1339 erat
628 1301 688 1338 vei
721 1299 949 1339 bonitariam
997 1298 1057 1336 vel
1101 1295 1387 1346 Quiritarium‚

268 1369 360 1408 iilud
397 1369 687 1418 quibuscunque
713 1370 834 1407 modis
858 1369 971 1419 justis
997 1367 1285 1415 acquirebatur,
1313 1365 1386 1404 hoc

262 1451 358 1479 vero
396 1440 507 1479 certis
552 1449 695 1478 tantum
728 1439 849 1478 modis
887 1440 967 1487 lege
1000 1437 1104 1476 civili
1139 1434 1387 1485 praescriptis.

262 1510 347 1550 Res
375 1522 489 1560 porro
527 1520 626 1548 erant
661 1511 824 1559 mancipi
855 1510 914 1546 vei
947 1520 1012 1546 nec
1050 1508 1243 1558 mancipi,
1294 1516 1388 1553 qua-

260 1592 350 1619 ssrum
403 1582 471 1619 hae
519 1579 662 1627 acquiri
696 1588 870 1627 poterant
915 1577 1141 1624 traditione,
1195 1577 1220 1616 fi
1254 1587 1389 1624 nempe

260 1652 365 1700 {usta
393 1650 498 1689 causa
526 1648 792 1699 praecesserat3
822 1649 905 1687 illae
939 1660 1026 1687 vero
1055 1660 1121 1696 per
1145 1645 1387 1694 mancipatio·

265 1731 351 1760 nem
390 1721 453 1760 vel
497 1719 639 1759 solenni
678 1721 717 1758 in
750 1721 834 1769 jure
872 1719 1073 1757 cessionem
1114 1716 1387 1756 transferendae

263 1800 382 1830 erant.
436 1792 577 1829 Verum
605 1790 754 1838 quidem
779 1799 864 1837 est‚
893 1802 913 1827 a
935 1788 1149 1839 justiniano
1177 1787 1245 1837 (3)
1277 1783 1385 1826 diffe-

262 1861 419 1900 rentiam
445 1862 539 1900 hanc
576 1862 653 1900 esse
686 1860 864 1899 sublatam
880 1887 894 1907 ,
937 1860 1028 1898 adeo
1060 1868 1102 1896 ut
1133 1857 1209 1897 fine
1245 1856 1383 1896 manci-

1321 1938 1386 1976 1³³·

303 2053 849 2093 (1)Vid.warnkoenig,1.1.
872 2051 964 2080 Tom.
988 2050 1014 2078 1.
1039 2049 1098 2077 ΝΟ.
1124 2055 1189 2084 234.

300 2109 358 2152 (12)
378 2114 429 2143 ef.
450 2112 660 2148 tuamet,
682 2113 704 2140 ι.
726 2113 748 2139 1.
772 2111 861 2139 rom.
883 2109 936 2137 ιν.
961 2105 1019 2136 ΝΩ.
1041 2114 1088 2143 ⁵4·
1113 2113 1159 2141 57.

301 2173 355 2208 (5)
376 2171 411 2201 L.
433 2179 486 2199 un.
511 2171 549 2199 C,
575 2170 614 2198 de
638 2169 721 2197 nudo
747 2167 813 2201 jure
845 2164 956 2203 Quirit.
989 2165 1057 2192 toll.
1087 2170 1117 2191 et
1149 2163 1172 2190 Ι.
1203 2170 1256 2190 un.
1281 2159 1317 2190 C.
1338 2158 1376 2188 d·

261 2229 343 2259 πως.
363 2228 467 2258 transf.
491 2234 521 2256 et
540 2226 652 2256 sublata
668 2224 732 2254 diff.
757 2226 857 2256 reruni
879 2229 973 2252 manc.
995 2229 1026 2251 et
1045 2229 1075 2249 n.
1099 2226 1195 2249 manc.

1470 989 1483 1090 i

1459 1229 1483 1777 ἐ
