1560 2860
311 266 370 310 fill
669 259 1055 309 ORATIO.

313 406 429 448 tatio
460 402 606 458 tertia,
638 405 714 446 cui
738 407 933 446 lemma:
963 400 1100 445 Stulta
1141 407 1203 445 est
1236 400 1431 447 clemen--

311 481 369 526 tia
406 489 489 525 cet.
513 500 534 534 ,-
581 498 632 524 eo
673 482 892 532 maxime,
937 481 1058 536 quod
1083 481 1215 534 justo
1260 481 1430 522 ordine<
1487 530 1490 538 ι

307 560 521 616 procedit
545 560 592 600 in
617 559 910 614 disquirendo
940 563 1102 598 auctor
1115 574 1137 608 5
1169 558 1290 613 quod
1301 571 1423 611 prae

313 638 479 679 ceteris
511 650 614 677 cum
653 632 964 690 conditionem,
996 641 1093 674 tum
1133 631 1423 676 auctoritatem

312 712 627 754 Hierarclziae
660 711 844 766 exponit
865 728 887 762 ,·
928 712 1133 767 quodque
1173 711 1423 752 literarum

311 805 360 831 se
388 790 517 830 haud
534 803 642 830 sane
672 789 940 843 imperitum
973 789 1268 829 demonstrat.
1324 789 1377 829 V
1373 803 1424 828 e·-

315 881 421 909 rum
458 867 635 907 diutius
674 866 721 906 in
780 865 914 906 rebus
949 865 1196 919 politicis,
1239 863 1423 906 brevius

313 944 365 984 in
393 942 533 986 rebus
572 941 915 984 Ecclesiasticis
948 941 1223 993 exponendis
1261 955 1426 983 versa-

314 1026 395 1061 tur
412 1037 434 1070 ;
493 1033 635 1074 neque
668 1019 829 1072 fontes
871 1016 992 1056 adiit
1028 1017 1252 1070 genuinos
1263 1033 1285 1068 ,0
1341 1017 1426 1058 de-

311 1098 551 1139 sideratur
587 1094 765 1137 omnino
801 1095 936 1135 docta
969 1107 1128 1136 rerum
1151 1099 1425 1148 pertracta·-

314 1173 394 1216 tio.

374 1248 539 1306 Quarta
585 1263 693 1292 vero
734 1247 1030 1303 Disputatio,
1072 1247 1205 1302 cujus
1241 1246 1426 1302 symbo-

314 1328 409 1369 lum
436 1325 660 1367 liabetur:
692 1323 774 1380 zijt
799 1323 876 1367 alle
907 1321 1202 1379 menschelijke
1224 1322 1428 1393 ordeni&

314 1415 395 1459 gen
431 1399 691 1458 onderdanig
709 1408 791 1445 cet.
809 1431 822 1453 ‚
845 1401 1067 1456 pluribus
1087 1415 1181 1442 sese
1200 1415 1426 1444 commen-

315 1481 398 1521 dat
440 1478 706 1521 nominibus,
773 1478 1010 1534 Namque,
1055 1478 1165 1519 licet
1216 1478 1264 1519 in
1310 1493 1427 1520 non-—

316 1557 458 1598 nullis
485 1555 751 1597 accuratius
772 1555 977 1606 versari,
998 1554 1298 1610 subtiliusque
1326 1556 1428 1596 dis-

307 1640 484 1688 putare
508 1633 736 1687 potuisset
767 1637 956 1683 auctor,
984 1632 1059 1673 vel
1086 1632 1151 1672 sic
1183 1637 1334 1674 tamen
1364 1634 1430 1675 ad

308 1709 600 1766 propositam
637 1708 943 1764 quaestionem
973 1708 1042 1748 ita
1071 1709 1334 1762 respondit,
1374 1715 1430 1750 ut

306 1787 498 1843 placide
553 1786 780 1840 procedat
828 1785 874 1825 in
927 1785 1231 1839 disputando,
1281 1792 1429 1840 grata

308 1863 640 1920 pertractandi
686 1861 982 1916 simplicitate
1028 1867 1074 1902 et
1125 1861 1429 1904 concinnitate

317 1956 412 1982 sese
454 1941 751 1990 commendet,
795 1939 952 1979 sedulo
992 1936 1214 1992 Gregorii
1235 1938 1429 1995 Episto-

315 2019 376 2068 Zis
414 2017 608 2072 aliisque
654 2014 859 2068 sontibus
899 2014 1145 2068 primariis
1183 2028 1293 2055 usus
1338 2014 1428 2067 sit,

316 2095 494 2141 omnino
527 2092 804 2134 laudabilem
832 2090 957 2131 nobis
975 2090 1245 2145 probaverit
1267 2090 1430 2131 indus-

319 2172 459 2212 triam
489 2170 536 2210 in
570 2168 838 2210 adhibendis
867 2168 1147 2208 documentis
1176 2167 1428 2208 historicis.

322 2248 630 2302 Quapropter>
654 2243 867 2286 laudibus
890 2244 1078 2297 dignam
1109 2243 1276 2283 hancce
1310 2241 1430 2283 Dis-

310 2325 603 2382 putationem
634 2322 810 2364 censuit
838 2319 981 2363 Ordo.

1274 2394 1429 2436 Prae-
1455 2434 1457 2438 Α
