1483 2860
218 222 270 260 40
456 210 1129 250 COMMENTATIO

219 318 370 357 'minime
396 320 591 366 contenti,
620 320 728 357 etiarn
759 320 803 357 de
828 329 974 358 aeterna
1000 320 1197 358 hominum
1228 319 1342 358 salute

220 389 416 428 decernere
447 397 670 437 coeperunt.
731 389 862 437 Itaque
896 388 1192 435 Lutherus‚
1232 390 1345 430 Cal-

219 459 405 506 vinus,
433 459 728 507 Zwinglius
769 459 906 507 aliique
940 461 1234 508 corruptelarum
1264 470 1347 496 exa·

221 529 399 577 gitatores
436 530 475 566 in
501 530 621 567 lucem
647 529 892 577 prodierunt,
931 538 1191 578 praeposteras
1225 527 1348 566 homi-

219 608 312 636 num
344 597 542 645 opiniones
578 610 677 636 nova
717 597 780 636 sua
815 610 931 646 eaque
972 599 1132 647 genuina
1178 598 1349 636 doctrina

217 668 470 716 propulerunt
493 676 531 707 et
556 668 709 706 meliora
738 669 982 707 edocuerunt.
1038 668 1235 707 Continuo
1257 677 1349 705 con-

219 745 276 776 tra
306 737 378 776 hos
410 746 515 778 totus
554 739 903 778 Eccleiiasticorum
951 739 1071 786 ordo,
1112 738 1177 785 qui
1226 748 1350 785 neque

220 807 444 847 auctoritate
494 807 585 857 sua,
642 811 715 846 late
766 818 947 857 patente,
984 819 1107 856 neque
1146 807 1352 846 innumeris

222 876 446 923 quaestibus
495 877 533 916 se
579 878 717 927 privari
755 878 991 927 patiebatur,
1037 878 1194 916 surrexit
1239 887 1353 924 atque

223 944 265 982 in
300 956 464 995 omnes,
517 947 568 986 ita
616 947 738 986 dictos
780 948 1018 995 haereticos,
1063 959 1162 986 arma
1211 957 1357 986 vertere

223 1015 367 1064 coepit.
421 1015 576 1065 Ubique
620 1018 822 1056 tribunalia
866 1018 1061 1066 instituta,
1097 1018 1163 1066 qui
1203 1017 1243 1055 in
1287 1018 1358 1055 ho·

220 1084 370 1123 minum
408 1086 552 1125 animos
600 1087 862 1136 inquirerent,
901 1087 1120 1126 saevissimis
1156 1087 1355 1126 tormentis

220 1165 265 1192 ac
303 1154 393 1194 diris
424 1157 597 1204 equuleis
646 1157 802 1196 intimos
842 1158 1039 1196 hominum
1079 1157 1203 1196 sensus
1244 1157 1354 1195 elice-

215 1232 310 1263 rent
326 1253 340 1273 ‚
378 1230 626 1276 omnesque,’
653 1228 720 1275 qui
746 1229 902 1267 haeresis
929 1229 1084 1266 crimine
1112 1228 1276 1267 convicti
1302 1239 1360 1265 es-

223 1291 333 1341 sent,
363 1295 497 1334 ultimo
536 1296 720 1346 supplicio
762 1298 962 1337 afficerent.
1020 1299 1055 1337 O
1082 1310 1212 1336 coecas
1237 1297 1360 1335 homi-

222 1373 316 1401 num
353 1365 521 1403 mentes!
563 1367 599 1405 Ο
634 1367 886 1406 incredibilem
913 1368 1212 1417 perversitatem!
1263 1368 1357 1405 Non

225 1431 499 1481 perspiciebant
525 1435 590 1474 isti
627 1436 729 1475 stulti
775 1439 974 1485 homines,
1026 1439 1227 1476 humanum
1274 1449 1359 1477 cot-

225 1513 302 1550 pus
335 1503 485 1550 quidem
519 1506 753 1546 acerbisfimo
790 1509 947 1555 dolore,
990 1508 1158 1546 cruciatu
1195 1517 1232 1547 et
1260 1520 1361 1546 mor-

227 1579 267 1610 te
304 1572 400 1610 affici
448 1574 559 1623 posse
585 1603 600 1623 ,
651 1577 815 1615 animum
866 1590 955 1616 vero
1002 1579 1160 1616 liberum
1205 1586 1242 1616 et
1290 1577 1360 1616 im-

226 1643 420 1683 mortalem
451 1645 528 1683 esse
560 1647 738 1694 nullaque
763 1647 802 1685 vi
836 1648 998 1686 coerceri
1026 1648 1148 1696 posse.
1177 1649 1270 1688 Non
1299 1648 1358 1686 in-

225 1710 472 1761 telligebant‚
498 1716 663 1754 animum
701 1718 740 1755 in
774 1729 937 1766 corpore
973 1718 1091 1757 veluti
1121 1718 1162 1756 in
1198 1717 1362 1756 diverso·

224 1780 286 1818 rio
319 1781 481 1828 quodam
508 1785 668 1834 degere,
696 1799 742 1826 ex
769 1800 846 1836 quo
874 1789 899 1827 fi
931 1789 965 1826 ei
991 1799 1069 1827 non
1096 1789 1255 1837 amplius
1281 1789 1362 1836 pla-

225 1857 314 1898 cet,
339 1851 473 1891 lubens
505 1856 647 1894 recedit
676 1866 790 1905 atque
827 1858 866 1897 in
897 1858 1060 1897 beatiora
1096 1859 1178 1896 loca
1206 1857 1366 1896 commi-

227 1928 326 1968 grat.

278 1989 419 2039 Neque
453 1994 527 2031 hoc
565 1996 689 2034 animo
728 1998 896 2046 percepit
942 1997 1234 2046 Philippus
1272 2008 1361 2036 cum

228 2057 374 2099 decreta
407 2072 539 2103 contra
567 2066 774 2106 haereticos
819 2068 1003 2105 emitteret
1040 2068 1248 2117 Belgasque
1282 2079 1366 2106 om·

224 2136 324 2177 nes,
351 2133 614 2175 crudelissimis
653 2137 692 2176 in
722 2149 787 2176 eos
814 2137 978 2178 saeviens
1018 2138 1177 2188 poenis,
1208 2139 1254 2177 ad
1279 2138 1363 2177 Ro·

224 2207 368 2240 manam
416 2204 603 2244 ecclesiam
639 2209 816 2248 reducere
856 2210 982 2248 vellet.
1050 2208 1241 2248 Haeretici
1282 2209 1368 2258 qui-

221 2265 307 2311 dem
358 2271 403 2312 ad
445 2274 702 2324 Inquifitionis
753 2278 953 2319 tribunalia
995 2278 1268 2330 rapiebantur,
1325 2279 1365 2319 in

1286 2355 1372 2390 vm!
