1483 2860
432 236 945 279 LITERARIA.
1173 248 1243 288 19'9

120 359 201 389 tum
239 349 430 397 professus
464 359 566 397 erat3
617 349 677 387 sed
716 349 888 387 nonnulli
920 362 1003 387 eum
1054 351 1244 389 dominum

124 420 292 468 accipere
326 420 391 458 diu
425 420 658 458 dubitarunt.
713 421 754 458 In
789 431 893 457 tanto
919 432 1039 457 rerum
1064 420 1248 459 discrimi-

123 501 172 528 ne
209 492 316 529 multi
353 502 529 539 rogarunt
547 519 559 538 ,
589 500 757 528 ratumne
780 489 871 528 esset
888 519 901 538 ,
932 490 1076 528 Phili
1091 503 1114 538 p
1131 503 1192 537 pu
1210 504 1244 529 m

122 572 239 609 regno
276 561 342 599 suo
382 572 514 598 exuere
549 561 738 609 aliumque
761 562 968 610 Principem
1000 562 1134 610 eligere
1157 564 1241 610 (1).

119 631 261 668 Verum
293 631 381 669 haec
410 642 495 676 res,
524 643 640 678 quum
670 641 746 668 non
782 630 902 669 facilis
937 631 1030 670 esset
1064 632 1241 679 expeditu

115 700 155 738 in
193 701 348 749 longum
380 709 495 738 tracta
517 709 573 738 est
599 709 634 738 et
673 710 804 749 postea
827 703 973 739 demum
1012 701 1151 740 exitum
1180 703 1244 740 ha·

115 771 223 810 buit:
255 771 311 809 uti
343 769 438 809 infra
477 770 704 809 videbimus.

164 841 293 892 Quum
326 842 362 880 G
377 841 512 879 uliel
529 853 563 878 m
579 853 634 878 us
653 840 793 890 optime
811 841 1060 889 intelligeret,
1090 853 1238 880 omnem

116 909 243 948 salutis
265 910 412 960 spemin
437 911 565 959 Belgio
588 910 779 949 foederato
802 913 1011 959 ponendam
1037 912 1114 950 ease
1128 941 1141 960 ,
1166 913 1203 951 A
1217 914 1246 950 l-

116 980 419 1029 degondium
437 981 652 1030 TraJectum
678 983 722 1019 ad
738 981 910 1019 Rhenum
931 982 1051 1030 misit,
1081 983 1145 1030 qui
1169 982 1245 1022 effi·

114 1061 301 1099 ce1·et,ut
345 1051 506 1090 Ordines
528 1052 574 1089 de
608 1051 833 1100 reipublicae
871 1051 964 1090 statu
991 1053 1059 1091 rite
1088 1063 1124 1091 et
1160 1054 1245 1091 bre·

116 1122 212 1159 viter
258 1123 509 1160 decernerent.
578 1122 744 1169 Rogavit
787 1134 851 1161 eos
900 1123 1199 1161 Gulielmus
1226 1152 1238 1171 ,

115 1201 241 1231 utrum
283 1193 423 1231 bellum
463 1204 548 1230 cum
590 1204 675 1240 rege
701 1204 826 1241 gerere
851 1202 1072 1241 pergerent,
1101 1205 1146 1231 an
1175 1206 1242 1231 ve·

113 1274 155 1300 ro
181 1274 310 1311 pacem
328 1263 552 1310 flagitarent.
607 1263 645 1300 Si
670 1263 779 1310 prius
808 1262 987 1311 praestare
1013 1263 1207 1301 videbatur
1225 1292 1237 1311 ,

111 1342 310 1380 curarent,
352 1342 394 1372 nt
447 1344 576 1371 omnes
611 1333 708 1371 vires
749 1334 831 1371 suas
866 1333 1124 1380 intenderent,
1167 1346 1241 1372 ma-

114 1414 300 1452 gnamque
335 1403 494 1441 militum
531 1416 678 1442 manum
717 1413 990 1452 compararent.
1056 1403 1247 1442 Pateface·

114 1482 222 1521 rent,
252 1474 342 1521 quid
389 1475 434 1511 de
472 1475 695 1512 Valesio
731 1475 964 1524 cogitarent,
1002 1475 1168 1522 quidque
1205 1475 1238 1512 ei

112 1544 411 1591 respondendum
446 1543 726 1583 arbitrarentur.
781 1545 1028 1583 Matthiam
1058 1546 1240 1594 pecuniae

114 1612 241 1661 inopia
262 1612 428 1661 pressum
448 1640 461 1658 ‚
491 1613 656 1661 Belgium
689 1614 894 1662 gubernare
911 1642 923 1658 2
945 1624 1057 1662 atque
1081 1613 1116 1652 se
1139 1615 1237 1654 vica·

111 1683 158 1722 rii
182 1694 334 1721 munere
361 1681 468 1731 fungi
500 1683 536 1720 in
568 1693 672 1721 tanto
697 1696 817 1721 rerum
843 1683 936 1723 statu
970 1685 1129 1733 amplius
1158 1695 1236 1723 non

113 1752 235 1802 posse.
290 1753 416 1802 Quare
446 1753 468 1790 fi
511 1765 594 1791 eum
638 1766 788 1792 munere
831 1755 896 1793 suo
943 1755 1119 1804 perfungi
1159 1759 1237 1794 vel-

94 1819 214 1872 'lent,
240 1825 503 1872 rempublicam
538 1825 668 1862 melius
708 1825 998 1865 constituerent.
1034 1827 1237 1865 concihum·

114 1895 320 1944 eligerent,
349 1906 512 1942 quocum
547 1895 591 1932 de
613 1896 786 1933 omnibus
814 1896 1005 1945 regiminis
1033 1896 1150 1935 caufis
1178 1899 1239 1936 dea

109 1976 270 2004 cernere
297 1964 436 2015 posset.

124 2037 229 2075 aAd
264 2037 354 2075 haec
390 2036 509 2086 Belgii
555 2036 733 2075 foederati
769 2037 930 2075 Ordines
968 2038 1240 2087 responderunt

121 2115 159 2146 et
183 2119 204 2146 a
228 2108 497 2147 Gulielmo
520 2108 761 2155 petiverunt,
790 2117 831 2146 ut
855 2109 899 2146 cle
927 2121 1016 2157 pace
1046 2121 1130 2148 cum
1156 2121 1240 2159 rege

115 2175 302 2227 facienda,
329 2179 375 2217 de
402 2178 559 2228 pecunia
578 2179 751 2227 publica,
781 2180 825 2218 de
851 2180 985 2218 Vale
1002 2192 1018 2218 s
1036 2180 1083 2218 io
1123 2192 1162 2219 ac
1191 2181 1236 2218 de·

1180 2261 1236 2289 re-

147 2343 201 2380 (2)
224 2343 293 2375 vid.
313 2345 409 2380 Bor,
432 2345 490 2380 ΟΡ.
519 2345 603 2380 Libr.
626 2347 701 2376 XIII.
723 2344 780 2375 sol.
804 2354 869 2381 131.
893 2346 936 2382 sq.
