1483 2860
346 237 981 285 'THEOLO'GICA·
1202 251 1247 289 ¹3

127 345 317 399 valentes,
346 359 536 399 quatuor,
564 361 586 389 e
613 348 796 399 primariis
830 348 1036 397 Europae,
1073 345 1182 387 Assae
1211 356 1251 387 et

129 421 279 461 Africae
309 421 465 460 urbibus
500 420 798 469 metropolitanis
843 418 992 466 exorti,
1047 429 1136 467 prae
1166 416 1251 456 aliis

127 491 201 531 sese
223 503 307 530 non
333 492 455 529 minus
483 502 547 538 re,
579 501 703 539 quam*
723 490 903 537 nomine,
924 496 1160 536 evexerunt,
1185 488 1254 526 Pa-

125 561 307 601 triarchae
349 562 466 609 dicti3
514 561 554 599 hi
596 561 779 599 variarum
824 559 1104 609 provinciarum
1150 557 1254 596 dioe-

124 631 223 670 ceses
250 631 318 670 sibi
342 631 600 681 subjecerunt,
627 641 741 678 atque
768 631 813 669 ad
837 630 983 669 civilem
1006 627 1156 677 Imperii
1170 627 1254 666 Ro-

125 702 222 740 mani
250 701 405 740 formam
439 701 604 741 ditiones
642 702 979 748 auctoritatemque
1011 701 1112 739 suam
1148 709 1253 736 com-

125 772 331 822 posuerunt
367 774 448 822 (1).
504 772 666 814 Exstitit
690 773 740 810 ita
771 771 934 821 regimen
962 771 1148 819 quoddam
1184 768 1255 807 oli-

127 843 369 891 garchicum‚
416 854 579 892 quatuor
604 841 778 881 constans
804 840 1084 890 rebuspublicis
1120 838 1253 879 Chris·

123 912 261 959 tianis,
296 925 391 961 quae
417 912 581 961 fingulae
609 913 647 951 in
674 912 840 961 Synodis
864 910 1164 961 provincialibus
1200 908 1254 949 se-

122 969 392 1021 natum'suum
440 983 652 1030 habebant,
705 982 746 1020 in
782 980 1047 1020 Oecumenicis
1081 991 1172 1020 vero
1205 980 1254 1019 ad

121 1051 323 1092 Ecclefiam
350 1052 553 1091 universam
583 1051 854 1091 referebantur.
883 1050 1122 1091 Hierarehiae
1136 1051 1252 1098 igitur

122 1121 342 1160 muneribus
369 1123 437 1161 hac
465 1123 620 1171 periodo
649 1122 772 1161 functi
803 1122 889 1161 sunt
918 1122 1107 1171 Episcopi
1135 1121 1253 1161 Dioe-

120 1190 265 1239 cesani,
307 1191 598 1242 Metropolitani
621 1201 658 1229 et
681 1192 938 1240 Patriarchae,
976 1191 1135 1230 maxime
1169 1190 1252 1229 Ro·

119 1271 251 1299 manus
286 1270 322 1299 et
346 1261 806 1310 ConstantinopolitanuS.

172 1330 348 1370 Heroicis
390 1331 545 1379 studiis,
597 1343 693 1380 quae
726 1331 965 1381 praecedenti
1001 1339 1121 1370 aetate
1154 1340 1250 1370 con-

118 1399 245 1449 spicua
291 1401 439 1439 fuerant
456 1429 470 1449 ,
521 1401 592 1440 alia
640 1401 910 1441 successerunt.
987 1402 1249 1441 Anachoretae

119 1470 246 1518 enim,
297 1471 596 1520 persecutionum
632 1480 803 1521 tempore
842 1472 992 1520 exorti,
1043 1472 1091 1510 ad
1132 1472 1249 1511 vitam

119 1540 394 1580 coenobiticam
428 1542 466 1581 se
500 1543 798 1592 convertebant3
835 1543 1107 1582 monachorum
1144 1543 1250 1582 dein-

119 1622 210 1661 ceps
234 1612 374 1660 regulis
407 1611 596 1660 adstricti,
626 1613 797 1660 -quietae
829 1613 960 1662 pietati
997 1612 1160 1651 animum
1188 1613 1247 1651 in-

119 1682 347 1729 tendebant,
369 1691 481 1730 atque
502 1682 637 1721 semina
653 1683 818 1721 melioris
840 1683 1094 1730 conditionis,
1124 1692 1248 1722 emen-

119 1752 282 1791 dationis
307 1752 460 1800 saltem,
490 1765 584 1800 quae
629 1764 697 1802 per
728 1761 845 1791 totam
880 1753 1075 1792 historiam
1113 1753 1249 1792 Eccle-

119 1819 300 1861 fiasticam
315 1823 671 1870 animadvertimus,
699 1823 773 1861 hoc
799 1835 891 1862 aevo
915 1822 1148 1873 spargebant.
1175 1820 1248 1873 (2)

169 1891 298 1942 Hujus
326 1892 456 1931 aetatis
482 1893 629 1932 indoles
655 1895 796 1943 optime
822 1893 1048 1944 dijudicatur
1073 1905 1094 1931 e
1112 1893 1246 1932 vincu-

117 1961 187 2009 lo,
223 1961 263 2001 id
298 1962 479 2011 temporis
525 1963 675 2003 civilem
721 1963 819 2003 inter
866 1973 905 2003 et
940 1963 1242 2004 Ecclefiasticam

1155 2044 1243 2074 auc·

155 2145 209 2184 (1)
230 2147 325 2179 Conf.
347 2148 528 2187 Vilius,
549 2150 644 2187 Essa?
658 2152 719 2190 sur
733 2153 908 2191 t'a‘nflumee
928 2154 965 2184 de
985 2155 1019 2184 ta
1035 2154 1241 2192 reformation-

117 2202 152 2230 δι
177 2203 319 2241 Locha,
340 2215 407 2242 pag.
432 2211 487 2242 388
509 2215 540 2238 et
560 2213 629 2247 389.

155 2260 210 2296 (a)
230 2262 323 2292 Conf.
345 2262 544 2302 Theiner‚
583 2266 795 2306 Etnfssbrung
822 2268 879 2299 der
907 2263 1239 2305 Priester·Ehelofig·

119 2316 206 2353 kaie,
226 2317 329 2349 Erster
350 2321 433 2351 Band
452 2329 522 2360 pag.
545 2326 596 2361 96.
619 2331 689 2362 sqq.
