1483 2860
280 197 332 244 46
509 192 1180 235 COMMENTATIO

279 303 537 354 praescripsit,
566 303 763 342 secundum
794 314 885 351 quas
907 302 1029 341 omnis
1053 301 1252 351 promissio
1281 302 1400 342 illius·

279 387 354 424 que
389 376 594 423 acceptatio
630 373 862 423 dijudicanda
896 381 987 411 erat.
1039 373 1210 421 Verum,
1236 384 1402 412 conven-

278 445 400 484 tiones
437 456 595 492 quarum
627 445 713 482 usus
757 443 924 491 quotidie
954 442 1180 490 apparebat,
1208 442 1402 491 peculiari·

277 516 350 553 bus
382 514 520 561 regulis
553 512 801 560 regebantur,
849 512 934 561 quia
970 524 1092 550 rerum
1123 520 1254 550 natura
1287 520 1402 560 atque

276 583 489 622 commercii
539 581 711 621 securitas
748 582 787 621 in
826 582 1047 630 quibusdam
1084 582 1401 620 conventionibus

277 653 435 702 majores
467 654 627 691 cautelas
653 653 872 700 requirunt,
901 664 1009 700 quam
1036 653 1074 690 in
1102 652 1197 691 aliis.
1233 652 1402 700 Regulae

277 722 394 772 igitur
411 735 502 771 quas
521 723 653 761 Codex
670 723 757 762 Civ.
774 723 818 760 de
838 722 1153 760 conventionibus
1179 722 1217 760 in
1235 722 1345 761 Libri
1362 734 1399 771 3.

280 793 361 831 Tit.
390 805 424 841 3.
444 821 457 840 ,
482 802 551 831 tam
577 793 622 831 de
645 793 846 831 nominatis
873 804 979 840 quam
1009 792 1054 830 de
1078 792 1317 831 innominatis
1340 805 1404 831 va-

275 864 378 911 lent3
396 864 441 901 de
455 863 527 901 illis
548 874 638 900 vero
659 871 801 900 tautum
819 890 831 909 ‚
848 870 1032 910 quatenus
1057 862 1278 910 specialibus
1294 874 1402 912 regu-

274 933 322 971 lis
348 933 392 971 de
427 931 582 981 singulis
617 931 932 971 conventionibus
966 932 1051 970 latis
1078 943 1156 970 non
1183 933 1401 981 derogatum

276 1011 350 1043 est.
392 1002 473 1041 Hae
495 1014 585 1040 vero
604 1004 751 1051 regulae
773 1001 945 1050 speciales
961 1031 974 1050 ‚
1001 1002 1028 1041 fi
1051 1002 1244 1051 negotium
1258 1031 1271 1050 ‚
1297 1003 1401 1050 quod

275 1081 421 1122 gestum
455 1081 541 1119 est,
583 1080 800 1110 contractus
834 1071 1089 1112 innominatus
1122 1081 1203 1117 est,
1244 1073 1398 1111 multam

274 1153 366 1181 vero
400 1142 512 1181 habet
548 1141 823 1181 similitudinem
866 1153 950 1180 cum
992 1154 1062 1181 una
1107 1144 1265 1181 alterave
1309 1153 1401 1181 con-

277 1221 418 1252 tractus
453 1212 635 1250 nominati
675 1211 824 1260 specie,
865 1212 1040 1260 applicari
1071 1212 1230 1261 possunt
1260 1213 1305 1251 ad
1336 1224 1401 1251 ne-

277 1284 422 1333 gotium
459 1292 610 1332 gestum
637 1283 724 1331 (Ι).

326 1353 540 1393 Divifiones
592 1364 681 1402 ergo
731 1352 1025 1391 conventionum
1067 1352 1166 1400 apud
1202 1350 1397 1390 Romanos

275 1425 495 1473 repetendae
535 1422 623 1461 sunt
671 1423 785 1470 inde,
839 1432 961 1461 utrum
1011 1422 1213 1460 conventio
1257 1421 1399 1461 causam

276 1495 424 1534 civilem
458 1494 647 1542 obligandi
683 1493 816 1531 habeat
852 1504 920 1531 nec
957 1503 1028 1539 ne,
1082 1503 1127 1530 an
1162 1503 1252 1531 vero
1289 1492 1399 1530 etiam

277 1566 460 1604 actionem
506 1564 639 1603 habeat
687 1576 753 1612 per
797 1563 949 1612 speciale
985 1564 1077 1611 legis
1117 1561 1400 1611 praescriptum.

277 1634 488 1675 Divifiones
528 1646 618 1672 vero
664 1634 758 1684 J'uris
797 1633 967 1672 hodierni
1001 1645 1020 1671 e
1055 1641 1185 1672 natura
1227 1633 1401 1683 negotio-

277 1718 359 1746 rum
391 1717 485 1754 quae
518 1714 697 1753 geruntur
725 1704 829 1753 ipsa,
868 1705 1049 1753 originem
1078 1704 1246 1752 capiunt.
1301 1703 1400 1742 Sunt

278 1778 375 1816 enim
404 1777 463 1816 vel
497 1776 714 1814 bilaterales
743 1776 803 1813 vel
837 1775 1081 1813 unilaterales
1095 1802 1108 1821 ,
1142 1774 1300 1825 pcrfhcti
1333 1782 1398 1812 aut

279 1848 516 1900 imperfecti,
543 1847 800 1885 commutativi
827 1854 891 1885 aut
913 1846 1090 1884 aleatorii
1103 1872 1117 1892 ‚
1138 1845 1310 1894 gratuiti
1332 1852 1398 1883 aut

279 1918 443 1966 oner0fi;
494 1917 585 1955 aliae
629 1916 901 1954 conventiones
951 1915 988 1953 in
1029 1916 1174 1962 dando,
1226 1903 1316 1953 aliae
1357 1915 1398 1954 in

276 1988 447 2028 faciendo
484 1987 691 2025 confistunt
718 1987 808 2035 (α).
870 1987 928 2025 De
965 1985 1116 2034 singulis
1149 1984 1266 2025 fufius
1292 1997 1398 2035 agere

1321 2067 1401 2094 non
1452 2056 1454 2059 ’

318 2123 374 2159 (1)
396 2122 466 2151 Vid.
490 2121 685 2157 Pothier,
706 2122 727 2150 1.
750 2122 772 2150 Ι.
798 2119 853 2149 ΝΟ,
879 2130 896 2158 9
928 2128 958 2149 et
979 2120 1191 2156 Zacharia,
1214 2122 1236 2151 1.
1260 2121 1281 2149 1.
1303 2120 1393 2151 Tom-

279 2181 321 2210 11.
346 2181 374 2217 §.
399 2186 466 2217 341.

321 2238 376 2272 (2)
399 2237 438 2264 A.
465 2243 664 2270 1102—1107.
686 2236 752 2263 add.
779 2235 964 2271 Pothier,
985 2237 1009 2267 1.
1030 2236 1039 2262 l
1071 2234 1127 2264 ΝΟ.
1150 2243 1254 2273 9—15.
1277 2242 1308 2264 et
1328 2236 1392 2264 Ζι·

283 2293 532 2329 charia,1.1.
556 2293 646 2322 Tom.
671 2292 711 2321 11.
733 2293 762 2328 §-
783 2298 850 2328 341.

1481 2101 1483 2129 A
