1483 2860
124 244 141 263 ‘³

193 189 216 226 6
422 185 1072 227 INTRODUCTIO.

195 306 284 334 num
329 295 406 344 ejus
453 293 638 333 concisum
683 295 829 341 furnis,
882 296 1048 344 undique
1083 297 1167 345 igne
1199 306 1302 338 extra

196 364 422 402 circumdato
452 362 596 412 fervet3
623 364 764 412 primus
800 363 910 403 sudor
937 377 1053 413 aquae
1079 368 1190 406 modo
1221 368 1306 406 fluit

199 433 344 481 canali,
383 434 454 471 hoc
489 433 528 470 in
565 432 672 480 Syria
698 431 862 471 cedrium
885 445 1044 479 vocatur
1061 463 1075 483 ,
1111 436 1174 474 cui
1205 445 1306 475 tanta

200 510 258 542 est
289 502 374 550 vis,
399 511 442 540 ut
467 501 506 539 in
540 501 716 551 Aegypto
749 513 908 550 corpora
941 504 1134 543 hominum
1157 504 1312 543 defunc-

199 579 324 610 torum
353 581 397 609 eo
432 569 580 619 perfusa
615 570 803 610 serventur
832 571 892 620 1).
909 572 936 589 ’²
987 573 1075 611 Hoc
1107 574 1204 612 enim
1242 575 1309 614 Ce-

199 641 326 680 drium
355 650 434 678 non
461 651 506 679 ex
538 639 617 696 solo
649 639 896 698 compositum
927 640 1041 680 fuisse
1066 644 1149 681 oleo
1186 655 1315 693 empy-

201 709 403 749 reumatico
440 709 638 758 tenuiore,
689 710 752 749 sed
794 698 901 749 etiam
941 711 1088 751 acidum
1133 712 1314 752 aceticum

204 779 558 830 empyreumaticum
588 779 842 827 continuisse,
867 791 913 818 ex
937 780 982 819 iis
1015 793 1109 828 quae
1131 782 1244 820 hodie
1271 783 1317 821 de

201 848 328 888 indole
352 847 516 888 chemica
544 849 814 898 productorum
832 849 1092 890 destinationis
1116 851 1229 891 ficcae
1245 852 1318 901 lig-

202 918 245 958 ni
272 919 447 959 novimus
463 947 478 968 ,
495 918 593 958 satis·
606 920 1054 969 apparet.--A1chemistae
1075 929 1207 970 postea
1228 934 1318 961 cum

203 997 310 1028 aceto
343 989 384 1029 in
407 998 486 1029 arte
508 990 572 1029 sua
601 992 716 1030 multa
745 991 992 1040 experimenta
1025 991 1219 1031 fecerunt:
1257 1004 1319 1032 ars

205 1069 297 1098 vero
323 1059 417 1098 illud
449 1061 635 1110 coquendi
673 1062 720 1100 ad
755 1048 1085 1101 Glauberum‘
1110 1074 1231 1111 usque
1264 1063 1322 1101 in-

205 1129 357 1178 cognita
391 1129 492 1179 fuit,
525 1131 613 1179 qui
630 1131 779 1171 tandem
818 1132 961 1180 primus
997 1141 1203 1172 accuratam
1228 1132 1323 1171 aceti

207 1199 393 1239 coctionis
422 1196 708 1251 descriptionem
743 1201 858 1258 dedit.

254 1268 331 1307 Est
357 1278 481 1313 autem
508 1279 654 1310 acetum
679 1255 806 1319 liquor
834 1271 960 1309 acidus
985 1271 1232 1321 vegetabilis,
1263 1283 1326 1321 pe·

205 1345 385 1388 netrans,
411 1339 585 1387 subtilis,
609 1340 698 1380 semi
720 1340 970 1389 spirituosus‚
994 1341 1123 1390 sapore
1143 1341 1326 1380 reficienti

207 1406 314 1446 acido
348 1413 427 1442 non
455 1404 653 1443 admodum
692 1408 792 1456 acri,
819 1412 934 1446 odore
965 1410 1145 1455 peculiari
1168 1419 1327 1448 attamen

202 1463 363 1524 grato,
371 1472 577 1521 unicuique
605 1475 789 1521 cognitO,
817 1475 944 1510 colore
981 1475 1202 1521 plerumque
1241 1474 1330 1514 stra-

202 1542 364 1594 mineo,
414 1541 638 1592 praeditus3
691 1541 843 1590 pondus
874 1541 1089 1597 specificum
1126 1541 1251 1583 differt
1280 1546 1327 1584 ab

213 1625 338 1663 10135
361 1612 407 1653 ad
423 1621 555 1661 10251
581 1611 652 1660 4).:
681 1622 726 1649 ex
758 1612 831 1649 hoc
865 1623 954 1650 vero
981 1613 1147 1661 pondere
1180 1615 1332 1662 quanti-

211 1690 271 1724 tas
292 1675 443 1722 relativa
460 1682 555 1721 acidi
572 1667 702 1721 acet'ici
719 1709 732 1729 ,
748 1693 857 1730 quam
878 1690 1022 1720 acetum
1046 1683 1240 1733 continet,
1257 1685 1327 1723 mi-

213 1755 316 1794 nlme
347 1761 559 1803 computari
580 1760 734 1800 potest,
757 1759 898 1790 caetera
928 1763 1025 1790 enlm
1044 1753 1227 1804 princlpm
1249 1766 1332 1794 ace-

213 1832 256 1864 to
301 1816 476 1863 contenta
517 1823 565 1862 ad
601 1822 778 1872 ponderis
813 1831 1053 1872 augmentum
1087 1824 1196 1862 etiam
1229 1823 1329 1865 suam

211 1893 415 1934 conferunt
443 1901 614 1942 partem,
639 1896 720 1932 t'um
751 1901 788 1930 et
815 1891 934 1941 ipsum
968 1892 1113 1931 acidum
1147 1890 1328 1946 acetieum

217 1976 344 2016 aqua,
384 1963 693 2019 quemadmodum
725 1961 920 2011 vidimus,
942 1958 1135 2019 paululum
1167 1972 1330 2020 tantum-

1252 2046 1332 2073 mo-

258 2143 292 2180 ι)
312 2143 486 2180 Plinius„
507 2143 587 2174 Hist.
611 2150 691 2185 nat„
713 2142 783 2180 Lib.
803 2143 883 2172 XVI.
905 2150 933 2172 c.
957 2151 1008 2173 αι.

206 2238 209 2241 ¹
258 2202 295 2239 2)
322 2201 524 2239 Klaproth
551 2201 612 2231 und
638 2201 786 2237 Wolff,
820 2202 919 2239 chem.
947 2178 1129 2241 wortessb„
1166 2202 1205 2232 11.
1234 2202 1330 2234 Bana.

228 2265 297 2296 pag.
319 2260 367 2290 68.
