1483 2860
434 150 869 203 {Junmrcm
1167 163 1214 202 ⁵3

96 262 202 303 tione
237 261 441 312 promissor
482 262 550 300 rite
592 261 715 299 noscit
749 260 841 309 quid
871 259 1080 308 stipulator-i
1109 271 1214 308 prae-

98 334 263 372 standum
289 342 374 380 est,
403 332 576 380 quoniam
601 332 646 369 ab
676 325 787 368 initio*
805 331 918 369 verba
950 331 1020 368 rite
1044 329 1128 367 sunt
1159 331 1216 368 in-

92 402 300 452 ·terposita,
352 414 372 441 a
410 403 548 450 quibus
589 402 710 439 omnis
743 402 857 450 huJ‘us
906 408 1122 438 contractus
1155 400 1213 439 vis

96 472 255 523 pendet,
291 472 385 510 nihil
416 472 502 510 dein
535 473 658 518 quoad
689 472 783 509 hanc
821 469 1102 519 promisfionem
1145 469 1215 507 im-

89 542 231 583 fmutari
257 550 396 592 potest.
452 542 491 579 In
517 540 700 578 societatis
727 551 817 578 vero
853 547 1047 579 contractu
1074 538 1118 578 ab
1145 539 1216 577 ini-

97 612 152 650 tio
182 623 259 653 non
292 611 459 658 constat,
488 611 579 658 quid
622 612 714 648 alter
747 610 852 649 alteri
889 607 1046 658 praestet
1070 608 1216 647 necesse

97 690 184 728 est,
222 681 284 720 sed
315 693 385 731 pro
422 680 573 719 diverso
592 690 800 728 temporum
832 688 1021 718 momento
1049 687 1085 716 et
1113 679 1218 717 loco·

98 764 179 791 rum
221 751 317 800 fita,
368 750 484 789 aliave
520 762 563 788 ex
606 749 736 795 causa,
789 750 882 787 illud
920 749 1101 788 diversum
1138 743 1218 788 esse

95 831 239 871 potest.
318 822 362 860 In
396 822 468 860 hoc
507 821 620 870 igitur
652 829 847 859 contractu
881 820 1151 857 condemnatur
1180 818 1219 856 in

97 892 135 932 id
163 893 265 940 quod
299 903 368 941 pro
401 891 561 940 partium
592 890 736 928 ratione
770 899 806 928 et
841 899 1050 938 temporum
1089 898 1220 927 natura

100 961 273 1011 praestari
297 960 353 999 fas
389 971 459 999 est.
514 961 557 999 In
592 960 657 998 illo
684 971 773 998 vero
793 961 1061 998 condemnatur
1084 958 1122 997 in
1143 970 1224 998 cer-

101 1041 173 1071 tam
196 1032 376 1081 pecuniae
414 1030 613 1076 summam,
639 1041 748 1077 quam
778 1028 922 1078 petitor
945 1027 1107 1077 rogavit.
1142 1027 1221 1066 Ubi

100 1101 216 1149 igitur
237 1104 275 1139 in
302 1109 443 1139 certum
468 1100 559 1148 quid
585 1099 931 1146 condemnabatur,
955 1098 1136 1148 iudicium
1167 1099 1223 1137 di·

99 1170 255 1208 cebatur
283 1169 397 1207 stricti
428 1169 551 1219 J'uris‚
579 1169 617 1205 in
646 1168 828 1206 incertum
857 1180 945 1205 vero
972 1170 1091 1206 bonae
1117 1168 1219 1208 fidei.

102 1240 391 1291 Quodammodo
458 1251 542 1277 cum
595 1238 802 1276 arbitrariis
853 1238 948 1288 juris
994 1238 1222 1288 Justinianei

99 1311 314 1351 actionibus
349 1310 578 1349 conveniunt
616 1309 698 1346 illae
738 1308 904 1346 actiones
937 1307 1076 1355 quibus
1103 1308 1225 1346 incer-

102 1392 174 1422 tam
201 1381 393 1431 pecuniam
427 1379 501 1418 fine
530 1379 715 1418 taxatione
747 1379 923 1427 petebant
946 1388 1095 1426 partes:
1126 1390 1222 1427 quae

100 1453 199 1492 enim
248 1451 523 1501 disputavimus
565 1450 752 1499 pertinent
789 1449 834 1486 ad
870 1450 932 1498 Jus
976 1448 1091 1487 Rom.
1131 1449 1229 1487 anti·

103 1535 243 1572 quum;
282 1533 365 1560 nam
391 1522 459 1559 hac
496 1521 604 1558 etiam
641 1519 679 1557 in
715 1528 816 1568 parte
845 1520 980 1556 multas
1008 1516 1120 1555 subiit
1144 1529 1225 1556 mu·

103 1595 263 1633 tationes
291 1589 583 1642 jurisprudentia
607 1590 775 1628 Romam
792 1616 805 1635 ,
834 1588 1020 1635 abrogatis
1045 1598 1123 1625 non
1143 1596 1228 1633 tan-

104 1673 185 1703 tum
213 1661 414 1708 formulis,
456 1659 516 1697 sed
548 1658 660 1697 misso
697 1669 851 1705 quoque
885 1669 987 1695 more
1024 1658 1227 1696 dandorum

102 1733 270 1783 iudicum
306 1732 572 1782 pedaneorum.
651 1728 750 1767 Illud
785 1737 906 1765 tamen
945 1727 1065 1765 adhuc
1099 1728 1230 1766 volue-

104 1812 192 1843 runt
225 1812 266 1841 ut
295 1802 333 1839 in
359 1800 472 1839 stricti
491 1800 586 1849 juris
612 1797 934 1836 conventionibus
966 1807 1088 1835 certae
1117 1809 1231 1846 pecu-

104 1874 185 1912 niae
220 1871 427 1911 aestimatio
465 1869 584 1917 esset,
623 1869 662 1907 in
693 1868 848 1917 reliquis
880 1880 971 1905 vero
997 1868 1108 1906 latius
1137 1867 1231 1907 esset

106 1943 267 1982 officium
299 1941 464 1991 judicis,
518 1941 608 1977 adeo
645 1948 686 1976 ut
712 1939 772 1976 vel
810 1938 849 1975 in
878 1937 1058 1975 minorem
1098 1939 1158 1976 vel
1191 1938 1230 1977 in

108 2014 280 2064 majorem
305 2011 479 2050 summam
511 2008 749 2047 condemnari
780 2006 932 2057 possent
963 2017 1102 2057 partes.

157 2087 202 2133 β.
231 2082 318 2122 Huc
350 2093 472 2130 usque
510 2080 555 2118 de
587 2080 671 2129 jure
706 2079 822 2118 Rom.
858 2078 1050 2118 videamus
1076 2079 1150 2129 Jam
1184 2079 1230 2117 de

106 2155 188 2203 jure
210 2152 420 2191 Hodierno.
462 2151 617 2190 Summo
640 2149 815 2199 profecto
833 2151 916 2200 Jure
939 2149 1052 2188 nobis
1077 2159 1233 2188 conten·

108 2223 191 2261 dere
227 2221 314 2260 licet
351 2220 565 2260 divisionem
600 2229 861 2260 contractuum
903 2219 942 2258 in
975 2219 1016 2258 b.
1045 2218 1076 2258 f.
1106 2228 1142 2258 et
1167 2220 1230 2259 str-

1180 2300 1238 2339 1¹¹·
