1560 2860
349 273 406 318 62
717 275 1102 322 ORATIO.

344 414 500 459 Christi
520 414 749 459 Doctrinae
774 416 1114 475 interpretandae
1137 415 1308 474 periti2⁸13
1348 415 1450 461 Tibi

339 491 385 535 id
431 491 490 536 ita
540 492 695 545 debeo,
745 499 791 535 ut
828 493 1023 550 profecto
1061 491 1215 535 nemini
1255 493 1460 550 cuiquam.

339 569 498 628 magis!
558 570 621 614 Te
656 569 869 628 adspicio,
901 569 1016 626 cujus
1042 569 1284 613 adolescens
1309 569 1452 613 admi-

341 655 457 691 ratus·
489 662 578 690 sum
611 645 870 700 doctrinam,
902 646 1004 703 quid
1038 660 1124 690 non
1156 646 1449 705 complexam?

340 738 451 768 nunc
494 724 627 781 magis
671 723 794 767 etiam
840 723 1027 767 admiror
1063 723 1456 781 magnanimitatem,

341 815 390 844 ac
438 800 746 853 fortitudinem,
796 800 917 844 nullis
968 800 1145 844 fractam
1199 800 1452 844 calamitati-

338 877 443 922 bus!
476 900 528 909 —-
590 876 630 921 Ο
668 877 940 920 Clarissi!
983 877 1018 920 si
1053 877 1247 933 quando,
1289 891 1453 936 corpo-

338 970 431 998 rum
465 954 620 1011 egressi
645 968 813 998 carcere
843 953 1081 996 mortalium
1097 985 1110 1006 ,
1133 954 1188 996 ad
1212 954 1450 997 animorum

340 1032 559 1075 concilium
592 1036 840 1085 coetumque
871 1027 1044 1071 admissi
1077 1028 1297 1082 fuerimus,
1337 1029 1451 1073 nulla

339 1109 516 1168 amplius
545 1114 616 1151 aut
649 1105 796 1150 caduci
834 1105 1028 1164 corporis
1053 1104 1292 1149 infirmitate
1323 1119 1450 1165 pres-

338 1188 397 1242 si,
428 1194 499 1231 aut
530 1199 821 1229 aerumnarum
857 1182 1029 1227 saevitia
1062 1181 1228 1239 jactati3
1288 1190 1448 1239 quanto

336 1274 437 1311 tunc
465 1263 609 1308 melius
635 1277 704 1307 res
726 1261 900 1306 Divinas
925 1274 1254 1318 cognoscemus,
1284 1260 1449 1317 Deique

337 1350 581 1403 paternam,
637 1341 720 1397 qua
764 1346 910 1382 nostra
950 1337 1034 1381 fata
1078 1337 1319 1381 moderatus
1358 1344 1445 1390 est,

336 1414 586 1464 bonitatem!
660 1417 815 1475 Quales
845 1423 932 1460 tum
970 1422 1010 1459 et
1035 1429 1161 1472 quam
1187 1414 1447 1458 immortales

336 1498 430 1542 Deo
454 1495 608 1554 gratias
641 1509 760 1552 agam
777 1526 789 1547 ,
821 1493 936 1550 quod
965 1492 1052 1545 Te,
1081 1492 1144 1536 Te
1178 1490 1282 1535 mihi
1310 1492 1447 1536 Prae-

339 1581 553 1634 ceptorem
588 1571 748 1615 dederit
774 1577 814 1614 et
852 1567 1158 1614 adolescentiae
1186 1568 1374 1613 Ducem!

392 1720 547 1772 Verum
571 1724 822 1784 ignoscatis,
858 1722 1106 1767 Auditores!
1149 1723 1211 1776 si,
1242 1737 1336 1767 cum
1361 1723 1448 1768 im-

336 1804 510 1866 proviso
549 1802 695 1847 Virum
741 1800 1031 1859 adspicerem,
1062 1799 1128 1843 cui
1158 1807 1318 1843 tantum
1364 1801 1445 1846 de·-

335 1884 446 1935 beo,
487 1879 688 1925 commoti
743 1877 929 1937 pectoris
964 1891 1089 1922 sensu
1127 1891 1194 1921 me
1222 1876 1445 1937 abreptum

331 1959 510 2004 vidistis.
543 1978 593 1988 -
624 1956 740 2008 Jam,
772 1961 820 1998 ut
842 1953 943 2012 legis
964 1954 1120 2011 jussum
1148 1968 1444 2011 exsequamur,

334 2037 652 2090 animorumque
695 2039 935 2075 nostrorum
975 2032 1082 2076 votis
1121 2046 1282 2076 morem
1318 2046 1445 2090 gera-

333 2126 450 2165 mus,
479 2109 732 2161 Juvenibus,
769 2107 840 2165 qui
876 2108 1093 2152 victoriam
1134 2107 1179 2152 in
1217 2109 1445 2155 certamine

334 2188 604 2247 reportarunt
634 2182 824 2236 literam,
856 2183 963 2240 justa
990 2184 1284 2229 distribuamus
1313 2200 1445 2245 prae-

335 2264 430 2308 mia.
515 2261 642 2321 Quod
667 2276 751 2318 quo
780 2261 869 2318 jure
895 2261 992 2315 fiat,
1023 2269 1069 2305 ut
1100 2262 1220 2307 vobis
1256 2269 1444 2316 constet,

335 2333 590 2400 singulorum
619 2338 825 2385 Ordinum
861 2338 914 2383 de
943 2339 1077 2383 allatis
1118 2339 1172 2383 ad
1196 2354 1288 2385 sese
1320 2353 1444 2391 com-

1322 2430 1445 2461 men-
