1560 2860
479 258 657 316 oizA
691 266 866 315 TlO.
1170 269 1227 315 25

116 412 270 472 p'osse,
302 412 452 456 invitos
481 410 848 455 demonstravisse!
892 410 989 468 Quo
1022 410 1064 453 in
1101 402 1230 469 gene·-

122 504 193 543 re,
244 504 297 533 ne
336 489 387 532 de
431 487 728 548 'Cyp'riano
771 487 943 543 aliisque
996 490 1231 530 Ecclesiae

124 566 296 610 Latinae
310 598 321 618 ‚
339 565 409 623 qui
436 572 640 609 vocantur
655 597 666 617 ‚
687 566 909 607 Patribus
924 564 1060 608 dicam
1074 596 1085 616 ‚
1108 562 1235 607 unum

125 654 457 686 commemorare
497 641 601 686 mihi
629 642 751 686 liceat
781 628 1235 695 Tertullianum,

125 720 177 763 de
207 718 417 764 Societate
458 719 697 763 Christiana
732 719 1040 763 meritissimum
1068 719 1239 772 Virum,

119 797 199 841 ‘sed
229 797 294 840 cui
330 804 464 840 totum
501 796 584 840 hoc
620 796 672 840 de
703 797 829 840 rebus
857 795 1017 840 Divinis
1044 794 1240 853 philoso-

125 873 250 932 phari
277 873 543 918 vehementer
569 872 833 932 dispiicebat.
893 871 972 916 Hic
1005 871 1138 924 enim,
1169 869 1241 927 qui

129 965 275 994 omnes
314 951 402 994 sine
445 950 682 994 discrimine
715 949 999 1008 Philosophos
1038 950 1244 992 haereti·-

132 1044 292 1070 corum
340 1028 647 1082 patriarchas
707 1027 886 1069 vocabat
911 1058 922 1078 ,
977 1018 1242 1085 philosophis

132 1109 274 1145 tamen
315 1103 406 1161 ipse
447 1102 702 1160 argumentis
753 1102 833 1145 sibi
872 1103 1116 1146 refutandos
1156 1114 1246 1146 csse

130 1181 380 1221 Dualistas
422 1178 682 1222 existimavit.
725 1177 827 1237 (22)
888 1179 985 1236 Quo
1017 1180 1152 1237 magis
1192 1180 1247 1223 ad

132 1256 273 1314 magni
315 1255 567 1300 faciendum·
598 1262 637 1299 et
675 1255 884 1299 indefessa
928 1258 1059 1314 opera
1099 1267 1248 1315 perse-'-

137 1333 348 1391 quendum
389 1331 638 1376 adducimur
678 1331 888 1385 studium,
930 1333 1075 1390 quod,
1108 1332 1143 1376 si
1172 1348 1249 1392 per

135 1407 402 1453 inimicorum
439 1423 563 1453 voces
598 1409 883 1469 vituperatur,
913 1424 992 1470 per
1019 1411 1248 1456 eorundem

135 1487 323 1545 exempla
352 1486 683 1532 commendatur.

194 1562 306 1616 Sed,
323 1563 454 1620 agite!
488 1578 604 1616 eum,
632 1563 703 1620 qui
729 1563 772 1606 in
799 1565 983 1608 omnium
1004 1566 1250 1623 gravissimo

139 1647 384 1699 argumento
409 1640 467 1683 ita
496 1648 712 1694 versatur,
743 1649 791 1684 ut
819 1641 855 1685 ei
881 1641 1090 1686 Historiae
1118 1643 1253 1687 lucem

140 1715 317 1770 afferat,
332 1717 473 1775 paullo
498 1717 732 1761 accuratius
756 1719 1099 1777 contemplemur.
1131 1720 1254 1763 Hune

71 1804 74 1807 '
141 1795 259 1838 ecee!
291 1794 432 1838 videre
459 1793 564 1836 mihi
597 1793 763 1846 videor,
795 1794 837 1838 in
873 1795 1059 1840 altissimi
1098 1796 1255 1841 montis

140 1871 309 1929 specula
337 1871 611 1924 collocatum,
629 1885 679 1915 ex
706 1887 786 1928 qua
809 1871 852 1915 in
883 1886 1102 1931 campum,
1129 1885 1254 1930 quem

140 1947 490 2007 praestantissimi
517 1948 671 2005 quique
695 1947 916 2007 Sapientes
943 1949 1257 2009 philosophan-

135 2025 199 2069 do
240 2025 396 2070 emensi
434 2032 562 2078 sunt,
595 2024 852 2069 latissimus
885 2025 968 2085 ipsi
1006 2034 1258 2085 prospectus

146 2108 311 2160 pateat,
342 2109 388 2146 ut
414 2116 669 2159 quoeunque
704 2102 800 2146 velit
835 2104 981 2147 oculos
1013 2111 1258 2148 convertere

138 2178 305 2235 possit,
337 2179 423 2223 veri
448 2179 636 2223 intuendi
659 2179 867 2223 desiderio
896 2181 1105 2225 ardentes.
1128 2195 1142 2215 υ
1160 2181 1258 2225 Non

140 2252 219 2296 ‘hic
247 2246 371 2308 sane,
403 2271 509 2313 quae
544 2271 621 2300 suo
658 2257 923 2316 potissimum
961 2265 1154 2318 tempore
1184 2273 1259 2303 ee-

149 2330 387 2385 lcbmntur,
445 2334 624 2392 placita,
670 2334 773 2379 haec
830 2343 1004 2391 cuncta,
1036 2328 1257 2393 -tanquann

1156 2430 1262 2458 {ler-
