1483 2860
312 281 388 315 1114
551 266 1222 307 COMMENTATIO

307 388 435 415 corum
470 376 558 414 odio
583 376 736 413 nimium
768 376 989 423 indulgeret.
1044 376 1240 414 Summum
1267 377 1429 420 Hollan·

304 449 412 493 diae,
445 447 661 484 Zeelandiae
699 457 734 482 et
759 446 922 494 'l'rajecti
946 445 1140 494 imperium
1161 447 1234 495 jam
1264 447 1301 488 in
1331 448 1432 490 Gu.

307 517 449 556 lielm
466 528 537 554 um
572 517 747 557 collatum
791 526 895 554 erat:
924 517 1126 559 nonnullae
1158 525 1300 554 tantum
1331 529 1431 559 scon—

307 588 468 626 ditiones
496 587 682 625 addendae
718 596 834 624 erant.
890 586 1021 633 Itaque
1055 588 1122 624 hac
1147 586 1185 624 in
1221 598 1260 625 re
1287 587 1430 643 anle·

310 657 422 696 sius
459 658 493 695 ei
530 657 703 695 inservire
731 657 879 694 minime
910 663 1082 706 poterat3'
1126 657 1210 704 sed,
1250 657 1426 707 quoniam

307 728 386 777 ipse
419 739 527 766 omne
563 727 756 775 imperium
790 727 1018 775 appetebat,
1052 739 1275 775 magnopere
1309 727 1430 769 obsta-

307 805 350 837 re
390 806 549 847 poterat.
623 797 827 836 Prudenter
870 797 1024 834 omnino
1072 797 1334 839 Valesium
1366 796 1428 837 vad

306 870 501 916 Belgarum
535 866 728 915 imperium
756 865 969 912 arcessivit,
1009 866 1150 915 quippe
1187 866 1252 913 qui
1287 867 1426 907 auxilio

257 972 261 976 .
307 937 373 977 suo
398 937 486 975 belli
515 948 611 975 onus
645 936 805 985 impense
848 936 1036 973 sublevare
1070 937 1220 974 valeret.
1287 937 1425 978 Verum

305 1020 384 1046 non
421 1009 564 1046 minora
596 1005 790 1054 prudentia
818 1005 856 1043 in
885 1018 928 1043 eo
961 1005 1045 1043 usus
1084 1014 1142 1044 est
1155 1025 1182 1052 ο,
1211 1007 1313 1053 quod
1343 1006 1430 1045 fibi.

307 1088 381 1118 met
428 1078 545 1127 Belgii
585 1088 728 1127 partem
768 1076 987 1114 vindicaret.
1041 1076 1080 1114 Si
1129 1076 1342 1114 moderatus
1377 1076 1424 1114 ab

307 1149 484 1196 omnique
501 1147 702 1196 imperandi
716 1147 920 1195 cupiditate
943 1155 1108 1184 remotus
1126 1145 1258 1184 fuisset
1282 1146 1427 1185 Vale-

310 1220 393 1257 siu
410 1231 454 1265 ε,
483 1218 668 1256 Guliel
686 1218 743 1256 mi
770 1227 889 1254 tamen
919 1216 1082 1254 rationes
1100 1244 1112 1262 .,
1139 1216 1278 1263 quibus
1307 1216 1424 1264 impe·

312 1293 405 1329 rium
433 1292 533 1340 juste
563 1302 602 1327 ac
631 1290 795 1337 legitime
834 1288 870 1324 in
900 1286 933 1324 se
966 1288 1166 1333 collatum,
1201 1285 1268 1323 fibi
1305 1285 1425 1324 serva-

314 1362 400 1408 vit,
428 1362 464 1398 in
498 1362 635 1398 nullam
670 1357 991 1406 reprehensionem
1028 1357 1214 1395 incurrere
1253 1355 1424 1405 possent.

312 1432 465 1480 Quare,
501 1441 616 1477 quum
645 1429 846 1467 timendum
884 1438 983 1474 erat,
1024 1439 1070 1464 ne
1094 1427 1317 1465 illimitatum
1357 1426 1425 1464 im·

311 1502 453 1550 perium
488 1499 673 1537 affectaret
702 1498 980 1543 Valesius,
1008 1496 1267 1534 Gulielmi
1294 1496 1426 1544 agendi

312 1572 408 1609 ratio
453 1581 531 1608 non
573 1571 683 1607 modo
719 1579 795 1606 non
846 1567 1108 1615 vituperanda,
1154 1578 1280 1604 verum
1317 1566 1426 1605 etiam

315 1640 454 1678 summe
485 1640 663 1677 laudanda
693 1638 854 1676 videtur.
908 1637 1055 1675 Etenim
1099 1637 1276 1684 sapienter
1309 1636 1429 1675 omui-

315 1723 365 1750 no
401 1700 654 1748 valesium
705 1709 750 1745 ab
801 1707 908 1744 initio
961 1706 1132 1755 fingnlari
1183 1706 1328 1745 solert1‘a
1365 1719 1424 1745 ⁴eo

309 1781 511 1830 perduxit,
541 1791 580 1817 ut
621 1779 730 1826 Belgii
760 1790 843 1825 pars
875 1778 940 1815 suo
970 1778 1123 1825 imperio
1155 1777 1318 1827 subjecta
1351 1789 1427 1816 ma·

319 1861 423 1890 neret
440 1880 452 1897 ‚
483 1862 558 1898 quo
583 1848 730 1886 facilins
757 1859 837 1885 eum
864 1848 1081 1893 continere,
1110 1848 1166 1884 vel
1193 1846 1216 1885 si
1243 1858 1341 1895 opus
1368 1859 1426 1886 es-

319 1921 396 1968 set,
425 1919 459 1958 se
496 1920 529 1957 ei
569 1929 759 1966 opponere
784 1917 927 1964 posset.

790 2067 831 2111 §e
887 2076 945 2101 12.

367 2205 548 2254 Optima,
588 2204 625 2240 in
663 2214 771 2249 quam
806 2203 849 2238 de
892 2201 1101 2240 Valesii
1139 2201 1294 2249 imperio
1331 2202 1429 2240 Gu-

320 2278 529 2316 lielmus
573 2275 744 2311 inductus
782 2283 886 2319 erat,
927 2271 1030 2320 spes,
1072 2271 1305 2310 vehementer
1342 2283 1427 2311 eum

324 2347 470 2388 fefellit.
542 2343 797 2383 valesium
832 2341 1085 2383 Gulielmi
1124 2341 1269 2391 imperii
1308 2341 1431 2380 :Ordi-

1327 2423 1435 2453 num·
