1483 2860
259 231 346 267 218‘
445 223 862 264 COMMENTATIO
890 223 1209 262 LITERARIA.

262 347 302 374 re
339 343 491 388 coactu-s
526 343 596 373 est.
650 334 731 379 Ita,
783 334 1090 381 quemadmodum
1132 341 1273 380 martyr
1311 343 1391 380 pro,

265 406 363 452 fide,
414 404 715 442 Gulielmus
765 414 835 451 pro
880 403 1016 451 patriae
1053 402 1225 442 libertate
1268 405 1399 444 vitam>

265 488 352 514 cum
384 483 503 514 morte
531 473 792 512 commutavit.

315 546 455 584 Patriae
494 545 579 592 jura
630 542 816 581 vindicare
851 551 964 589 atque
1003 543 1273 590 imperantem,
1321 544 1387 590 qui

266 624 489 665 potestatem
514 613 621 668 suam*
645 611 847 651 excesserat
867 612 963 650 intra
985 613 1110 660 justos
1138 612 1283 661 imperii
1316 621 1395 651 ter-A

271 686 393 723 minos
429 684 602 721 reducere
639 683 801 731 primum
832 680 1024 730 aggressus
1048 690 1140 720 erat.
1196 682 1270 721 Hic
1298 694 1387 725 vero

271 756 310 793 in
333 765 458 793 errore
473 753 538 792 suo
555 782 569 800 ‚
591 754 708 792 dicam
724 763 796 800 ‚an
809 752 991 801 pravitate
1005 752 1136 789 acriter
1159 751 1389 800 perstiterat3

272 825 471 874 precibus,
499 821 854 866 adhortationibus,
895 832 1016 868 neque
1053 821 1160 858 etiam
1198 821 1308 859 armis
1343 823 1389 860 ad

273 897 425 934 meliora
450 892 601 931 confilia
630 890 755 930 reduci
780 898 967 945 potuerat.
1024 891 1150 937 ltaque
1191 889 1396 928 Guliel-

276 975 384 1002 mus
412 964 556 1002 tandem
585 973 658 1000 rem
681 962 726 1000 ad
747 972 836 998 *eum
853 988 866 1007 ‚
895 971 1005 1007 quem
1019 971 1065 997 ne
1091 960 1297 1007 speraverat
1312 961 1395 1008 qui-

278 1035 359 1071 dem
402 1034 540 1071 exitum
589 1031 808 1080 perduxerat
852 1039 964 1080 atque
1005 1029 1172 1078 Belgicae
1211 1029 1392 1069 libertatis

278 1104 521 1142 fundamenta
551 1103 702 1150 jecerat.

324 1173 408 1223 Jam
448 1172 500 1210 sat
528 1172 643 1210 multa
664 1171 722 1209 vir
753 1170 969 1208 immortalis
1000 1182 1069 1218 pro
1099 1169 1288 1217 republica
1314 1181 1395 1218 gesa

280 1244 387 1282 serat.
441 1243 558 1292 Quod
579 1241 792 1289 supererat,
820 1248 1005 1278 annuente
1040 1241 1194 1277 Summo
1220 1231 1395 1278 Numine

280 1312 565 1359 Mauritio‚
595 1319 698 1348 tanto
733 1319 835 1357 patre
876 1308 1090 1357 dignisfimo
1130 1310 1236 1356 filio,
1279 1310 1399 1357 perfi-

284 1383 459 1422 ciendum
492 1383 617 1420 datum
659 1391 728 1418 est.
793 1379 1095 1417 Gulielmus
1126 1379 1299 1426 fingulari
1332 1379 1395 1418 sua

283 1452 480 1502 prudentia
518 1450 783 1499 rempublicam
810 1448 1065 1486 constituerat.
1143 1449 1396 1487 Mauritii

284 1532 386 1570 erat,
415 1534 491 1560 eam
532 1520 686 1558 mirifica
719 1518 782 1557 sua
817 1518 868 1556 rei
894 1518 1064 1559 militaris
1091 1517 1239 1557 seientia
1261 1520 1398 1558 confir-

282 1605 381 1631 mare
416 1601 452 1629 et
491 1590 749 1628 corroborare.

334 1661 440 1702 Talis
454 1659 649 1709 prudentia
667 1687 680 1705 .,
707 1657 844 1707 patriae
868 1669 990 1695 amore
1017 1657 1295 1705 innumerisque
1322 1658 1398 1705 vir·

282 1732 432 1772 tutibus
460 1730 534 1768 fuit
559 1729 784 1767 Gulielm
804 1740 887 1774 us,
915 1740 1020 1778 quem
1051 1739 1138 1766 vere
1150 1736 1304 1779 patrem
1326 1738 1396 1778 pa-

284 1805 386 1841 triae
402 1829 415 1848 ‚
442 1808 635 1852 parentem
654 1826 667 1844 ‚
720 1800 872 1848 inquam
891 1826 902 1844 ,
940 1807 1088 1835 nostrae
1118 1798 1306 1837 libertatis
1338 1808 1398 1836 at-

287 1885 357 1924 que:
379 1871 528 1918 hujusce
557 1868 783 1920 reipublicae
800 1868 988 1918 possumus
1009 1867 1129 1905 dicere
1151 1868 1233 1915 (1).

328 2003 384 2040 (1)
406 2005 502 2033 Verba
537 2005 602 2037 sunt
642 2003 863 2043 Ciceronis
897 2002 926 2030 in
964 1982 1127 2036 Oratione,
1164 2010 1220 2037 pro
1250 2000 1397 2036 Rabirio,

289 2060 367 2100 Cap.
392 2060 439 2092 Χ(

724 2192 762 2215 ιο·
768 2193 968 2219 atu-Qq-
