2912 4368
1096 1095 1175 1143 185
1339 1092 2004 1140 COMMENTATIO

1100 1201 1242 1249 soluta,
1269 1202 1383 1240 nullis
1420 1202 1604 1241 limitibus
1637 1203 1940 1252 circumscripta,
1968 1203 2118 1243 minime
2150 1216 2213 1243 ve·-

1097 1283 1140 1308 ro
1175 1281 1367 1319 perpetua.
1422 1272 1550 1319 Itaque
1587 1272 1671 1310 talis
1701 1283 1806 1319 erat,
1849 1274 1969 1321 qualis
2002 1274 2211 1322 antiquitus

1098 1340 1242 1378 Romae
1270 1341 1442 1378 dictatori
1463 1340 1501 1378 in
1526 1352 1659 1390 magno
1676 1342 1901 1391 reipublicae
1929 1344 2097 1392 periculo
2125 1356 2216 1382 con-

1094 1408 1176 1448 cedi
1227 1409 1379 1448 solebat.
1451 1410 1578 1460 Quum
1617 1411 1714 1449 enim
1751 1412 1887 1451 bellum
1932 1412 2216 1453 formidolosum

1091 1476 1278 1518 'Romanis
1314 1479 1534 1528 inferretur,
1591 1492 1670 1519 non
1712 1482 1771 1520 vir
1804 1482 1952 1531 quidam
1997 1484 2217 1523 auctoritate

1095 1536 1198 1590 forte
1233 1551 1331 1598 apud
1366 1551 1551 1599 populum
1591 1553 1744 1598 valens,
1798 1553 1980 1591 summum
2017 1539 2216 1602 imperium

1094 1629 1294 1668 appetere..
1320 1619 1380 1657 sed
1402 1620 1518 1658 totius
1548 1622 1681 1669 populi
1706 1620 1879 1672 suffragio
1904 1623 1950 1660 ad
1975 1624 2119 1660 clavum
2147 1623 2220 1660 rei-

1092 1685 1265 1739 publicae
1289 1691 1487 1728 tenendum
1515 1689 1600 1738 eligi
1634 1690 1786 1730 solebat.
1841 1692 1966 1741 Hujus
1994 1702 2098 1740 erat,
2127 1693 2216 1735 dum

1088 1756 1233 1798 'bellum
1263 1760 1489 1808 gerebatur,
1529 1772 1595 1807 per
1626 1770 1765 1799 certum
1809 1762 1993 1809 quoddam
2034 1747 2217 1811 temporis

1091 1829 1249 1878 spatium
1262 1858 1274 1877 ,
1290 1830 1438 1876 videre,
1453 1841 1499 1867 ne
1514 1829 1606 1878 quid
1625 1816 1835 1869 detrimenti
1862 1841 2009 1880 caperet
2026 1832 2217 1882 respubli-

648 1913 658 1972 ἒ
1091 1911 1147 1940 ca.
1200 1899 1382 1938 Romanis
1414 1900 1530 1949 igitur
1574 1901 1611 1939 in
1650 1902 1792 1939 lubrica
1830 1902 1968 1950 patriae
2002 1903 2218 1942 conditione

648 1978 657 2040 ς
1089 1969 1273 2026 summum
1313 1970 1510 2018 imperium
1553 1970 1591 2008 in
1631 1982 1747 2009 unum
1794 1972 1965 2009 conferre
2000 1972 2217 2021 hominem,

619 2037 643 2091 ‚33
1091 2038 1182 2077 adeo
1197 2039 1441 2077 necessarium
1463 2040 1577 2079 Visum
1597 2041 1671 2079 fuit
1687 2070 1700 2088 ‚
1729 2051 1795 2089 ut,
1817 2043 1956 2080 tametsi
1984 2043 2029 2080 de
2054 2043 2222 2091 tyranni-

697 2108 699 2110 ’
1090 2110 1135 2147 de
1158 2096 1299 2158 semper
1321 2120 1465 2158 praeter
1485 2110 1636 2148 modum
1660 2110 1778 2149 essent
1802 2109 1951 2150 solliciti
1969 2113 2214 2158 „dictatorem

1090 2182 1213 2216 creare
1233 2190 1309 2217 non
1343 2180 1529 2217 timerent.
1586 2179 1745 2218 Ordines
1779 2183 1905 2220 eadem
1941 2182 2117 2221 sententia
2148 2183 2218 2222 im·

1091 2245 1199 2294 buti,
1238 2250 1276 2287 in
1315 2260 1449 2298 magno
1487 2262 1609 2287 rerum
1648 2250 1892 2296 discrimine,
1934 2264 2069 2290 novam
2100 2265 2219 2301 quan·

1090 2320 1171 2358 dam
1198 2329 1448 2368 potestatem,
1477 2318 1665 2358 dictatorii
1697 2322 1861 2359 muneris
1892 2322 1929 2359 in
1955 2323 2083 2360 multis
2118 2307 2217 2362 haud

655 2405 664 2438 ἓ
1089 2388 1301 2427 dissimilem
1321 2419 1334 2435 .‚
1391 2389 1667 2428 Gulielmo
1719 2392 1952 2430 tribuendam
2002 2394 2080 2432 esse
2128 2405 2216 2432 cen-

658 2461 668 2511 ξ
1087 2459 1204 2499 suere.
1258 2460 1401 2498 Bellum
1427 2461 1523 2498 enim
1551 2470 1652 2499 tanta
1687 2461 1725 2499 vi
1756 2471 1940 2510 tantoque
1976 2462 2134 2511 furore,
2171 2464 2217 2503 il-

660 2546 670 2561 ι
1076 2530 1126 2569 -lo
1153 2533 1348 2580 tempore,
1374 2531 1580 2579 agebatur,
1621 2540 1663 2570 ut
1701 2543 1799 2570 nova
1824 2531 1966 2581 semper
1994 2533 2032 2570 in
2061 2522 2215 2582 promtu

661 2601 670 2624 ³
1087 2601 1164 2640 esse
1196 2602 1373 2640 deberent
1407 2602 1558 2640 confina
1591 2604 1796 2651 nullusque
1841 2603 2078 2642 deliberando
2111 2604 2216 2643 dare-

1087 2680 1147 2708 tur
1194 2671 1317 2710 locus.
1400 2673 1597 2711 Caeterum
1636 2673 1802 2721 plurium
1861 2674 2058 2712 hominum
2096 2664 2210 2712 animi

664 2723 674 2806 ζ
1085 2753 1288 2789 numquam
1322 2743 1439 2791 magis
1468 2742 1562 2780 inter
1588 2742 1622 2780 se
1661 2743 1869 2790 discrepare
1895 2753 2006 2791 atque
2041 2745 2213 2783 vacillare

670 2811 676 2831 ³
1086 2811 1231 2858 solent,
1263 2824 1371 2859 quam
1408 2811 1621 2850 imminente
1650 2813 1817 2861 periculo
1846 2822 1882 2850 et
1906 2814 2121 2862 perturbata
2154 2827 2211 2853 re-

600 2915 619 2926 „
647 2873 679 2927 ξ
1086 2894 1167 2919 rum
1206 2882 1436 2920 conditione.

643 2933 675 2976 *l
1128 2952 1430 2992 >Gulielmus
1472 2953 1634 2999 summa,
1665 2965 1738 3001 qua
1769 2954 1960 3001 pollebat,
1988 2954 2211 2993 auctoritate

1088 3033 1288 3070 numquam
1317 3022 1452 3060 abusus
1488 3032 1573 3070 est,
1603 3032 1716 3071 atque
1755 3024 1791 3062 in
1821 3024 1931 3062 rebus
1968 3025 2091 3073 magni
2130 3017 2214 3063 moss'

1087 3093 1199 3148 menti
1223 3092 1361 3143 semper
1386 3106 1471 3131 cum
1497 3094 1705 3132 Ordinibus
1733 3095 2034 3147 Proceribusque
2060 3096 2212 3146 confilia

1089 3164 1195 3201 iniit:
1232 3165 1338 3212 cujus
1364 3164 1415 3201 rei
1442 3164 1547 3202 brevi
1574 3174 1663 3212 post
1682 3165 1754 3214 jam
1784 3167 1991 3213 exemplum
2021 3166 2212 3215 praebuit.v

2127 3236 2209 3273 Re-
