1483 2860
285 224 932 269 INTRODUCTIQ
1154 220 1181 284 ξ

57 327 274 372 Μεῑὴεῑεοε
303 334 495 383 partibus,
517 333 699 383 imprimis
722 336 759 374 in
781 336 1020 386 tangentibus
1044 341 1181 380 ducen-

60 403 150 450 dis,
198 404 243 442 ab
277 404 424 453 algebra
457 404 636 442 auxilium
681 407 895 455 petiverunt
944 410 1001 457 1).
1078 410 1179 450 Eum

58 471 176 511 secuti
235 472 319 511 sunt
376 474 580 512 Fermatius
638 476 686 525 2)
711 504 726 523 ,
802 477 1023 516 Huddenius
1092 484 1175 529 3),

57 542 200 580 slufius
245 544 318 591 4),
383 542 591 591 Gregorius
638 544 711 592 5),
766 545 903 584 Wauis
959 548 1030 595 6),
1087 547 1174 586 Bar-

56 612 187 650 rovius
229 614 274 660 7)
316 611 467 659 aliique.
560 614 731 663 Quorum
773 616 938 654 omnium
988 617 1176 656 inventio·

54 691 146 728 nes,
173 680 250 719 fere
274 690 415 719 tantum
445 684 489 720 ad
522 694 655 721 curvas
687 684 909 733 algebraicas
944 685 1170 734 spectabant.

51 750 223 789 Exeunte
262 762 351 788 vero
399 751 522 790 seculo
568 753 691 792 XVII.
733 765 810 792 uno
851 756 1056 804 eodemque
1094 757 1173 798 fere

53 827 222 867 tempore
258 820 474 860 exstiterunt
501 821 574 860 viri
595 824 852 872 celeberrimi,
882 826 1095 866 Nevvtonus
1126 830 1170 877 8)

55 897 91 926 et
127 888 356 928 Leibnitfius
383 891 460 939 9),
498 891 558 930 hic
590 891 628 929 in
664 892 888 942 Germania,
930 896 991 934 ille
1022 897 1059 934 in
1092 899 1174 937 An·

1068 968 1170 1017 glia,

94 1095 202 1132 1)llle
240 1094 473 1130 Cartesius,
512 1095 548 1123 de
579 1095 631 1124 sua
655 1095 772 1124 ratione
805 1103 961 1131 tangentes
993 1094 1170 1124 inveniet-dt

52 1158 141 1185 agens
168 1170 190 1186 „
210 1151 365 1186 problema
375 1151 407 1185 ‚'’
427 1151 546 1187 inquit,
568 1171 591 1187 „
611 1160 669 1180 nec
688 1153 818 1181 verebor
843 1152 968 1188 dicere,
988 1160 1050 1180 non
1074 1143 1168 1181 modo¹

51 1214 176 1242 eorum,
198 1215 273 1242 quae
292 1207 374 1242 scio,
395 1208 454 1236 hoc
473 1208 658 1237 utilisfimum
682 1216 712 1236 et
730 1209 982 1243 generalisfimum
1007 1208 1071 1238 esse
1084 1230 1094 1244 ,
1115 1208 1168 1238 sed

49 1261 138 1291 etiarn
157 1271 283 1299 eorum,
304 1271 379 1297 quae
397 1263 428 1291 in
452 1264 620 1298 geometria
637 1265 714 1293 scire
737 1273 868 1300 unquam
895 1264 1170 1296 deiideraverim.”

49 1321 144 1350 conf.
165 1321 363 1355 Cartesii,
385 1322 494 1350 Geom.
518 1321 584 1349 Lib.
609 1322 649 1350 11.
673 1330 741 1357 pag.
765 1330 817 1359 40.
842 1322 939 1350 Amst.
967 1325 1051 1356 1683.

44 1394 45 1397 =
90 1378 126 1414 α)
145 1379 374 1415 Montuc1a‚
392 1377 472 1408 Hist.
491 1379 544 1406 des
565 1379 682 1414 Math„
704 1380 742 1408 L.
766 1379 892 1418 inpag.
916 1380 984 1414 138.

88 1436 123 1471 ³)
145 1436 266 1464 Montt.
287 1436 308 1464 1.
327 1436 351 1464 l.
375 1436 414 1464 11.
437 1444 470 1470 p.
490 1443 559 1473 412.

84 1491 122 1527 4)
139 1493 281 1526 Mont.‚
305 1492 327 1520 l.
344 1493 366 1520 l.
387 1492 430 1520 11.
450 1500 518 1527 pag.
540 1498 607 1528 159.

88 1548 123 1584 5)
145 1549 291 1582 Manu,
312 1548 352 1576 11.
375 1555 407 1582 p.
430 1551 500 1583 376.

45 1616 47 1621 i
86 1606 123 1643 6)
143 1605 286 1640 Mont.,
307 1604 346 1631 11.
368 1614 401 1640 p.
426 1606 496 1641 376-

44 1692 49 1697 ,
87 1663 124 1699 7)
143 1664 291 1697 Mont.‚
313 1663 351 1692 11.
371 1671 403 1697 p.
430 1665 500 1699 ³48·

83 1721 119 1756 8)
141 1720 381 1755 Newtonus‚
412 1727 490 1754 anno
519 1722 603 1755 1676.
626 1727 667 1749 m.
687 1718 772 1758 Junii
798 1720 827 1748 d.
851 1727 900 1750 12.
923 1728 955 1749 ct
978 1729 1016 1750 m.
1047 1723 1118 1753 Oct.
1136 1723 1166 1760 d,

41 1786 96 1815 ¹24.
119 1777 220 1806 literas
237 1776 476 1805 Leibnitsio
494 1776 597 1811 dedit,
621 1777 652 1804 in
672 1775 783 1812 quibus
805 1777 834 1820 ei
857 1777 1010 1812 apparuit,
1034 1778 1087 1806 fibi
1105 1779 1171 1808 esse

46 1834 221 1862 methodum
248 1831 469 1861 determinandi
500 1833 683 1868 quantitates
711 1834 854 1862 maximas
879 1842 909 1862 et
934 1834 1090 1871 minimas,
1118 1837 1172 1864 du-

41 1874 134 1920 ‘cendi
154 1896 329 1924 tangentes,
348 1895 409 1917 cet.
429 1889 536 1934 Quae
564 1890 724 1918 methodus
751 1891 785 1919 ab
815 1898 853 1926 eo
882 1891 1066 1920 Fluxtanum
1091 1890 1172 1920 dicta

45 1953 109 1981 est,
129 1953 160 1974 et
175 1953 253 1974 anno
284 1946 368 1977 1637.
391 1944 488 1972 edidit
515 1944 601 1972 suum
632 1953 712 1980 opus
736 1946 773 1975 de
795 1945 961 1981 Principiis
989 1947 1083 1976 math.
1103 1946 1173 1983 phi-

46 2002 104 2031 los.
124 2008 184 2030 nat,
205 2001 299 2030 Conf.
323 2001 470 2036 Mona,
493 2001 530 2029 11.
553 2009 586 2036 p.
605 2005 675 2038 369·

88 2059 124 2096 9)
147 2056 439 2091 ·Leibnitsius,
481 2057 590 2092 primas
624 2060 741 2092 regulas
781 2059 918 2094 calculi,
959 2059 1168 2089 differentielis

47 2115 82 2143 ab
107 2121 146 2143 eo
169 2113 263 2148 dicti,
282 2113 378 2142 edidit
402 2113 433 2142 in
459 2115 544 2143 Actis
570 2115 656 2144 erud.
680 2115 762 2150 Lips.
785 2116 840 2145 sub
865 2117 975 2147 titulo·
997 2117 1085 2145 Nova
1104 2125 1168 2146 me-

47 2171 155 2199 thodus
178 2178 233 2206 pro
257 2171 353 2199 Max.
375 2177 405 2199 et
422 2170 516 2199 Min.
537 2171 672 2207 itemque
688 2174 899 2207 tangentibus,
922 2181 998 2209 quae
1020 2174 1164 2203 neesrac-

50 2234 91 2264 tas
113 2234 170 2255 uec
197 2226 385 2256 irrationales
417 2227 597 2263 quantitates
634 2236 768 2257 moratur
793 2237 824 2258 et
851 2231 993 2264 singulare
1021 2239 1078 2266 pro
1105 2231 1166 2260 illis

50 2282 156 2310 calculi
179 2289 283 2318 genus.
326 2285 376 2314 Cf.
407 2285 546 2319 ivluna,
566 2274 614 2314 ll.
648 2294 716 2321 pag.
744 2294 812 2323 377·
864 2289 993 2317 Postero
1031 2295 1169 2325 tempore

1128 2346 1172 2371 lu-
