1483 2860
348 233 906 275 >L1TERAR-1-A.
1139 247 1208 284 ¹33

86 363 114 391 ,ς
140 352 284 392 petrare
322 354 547 393 magnopere
583 343 817 382 studuerunt.
873 342 1003 391 Itaque
1033 343 1213 391 aliquam-

83 441 117 463 „
145 415 209 468 diu
241 416 384 455 decreta
413 414 614 453 moderasti
651 422 764 461 atque
803 413 955 451 lenitate
982 411 1068 452 usus
1101 425 1155 451 es.

84 507 99 526 v,
133 506 166 532 5,
194 486 335 526 Verum
369 485 576 534 deinceps,
606 485 731 533 pravis
759 483 974 522 odiosorum
1012 483 1206 522 hominum

82 583 115 604 .„
142 556 306 595 consiliis
334 555 559 604 indulgens,
587 556 839 602 Albanum
868 553 1104 603 inBelgium
1139 553 1207 591 mi-

79 654 110 674 „
139 626 244 674 listi,
285 628 350 674 qui
382 637 568 664 armorum
610 626 649 663 vi
683 636 815 662 omnes
854 624 996 663 incolas
1027 625 1073 662 ad
1115 624 1205 672 obef

75 715 108 744 ‚3
136 697 308 735 dientiam
325 725 338 744 ,
366 709 476 744 quarn
508 707 700 743 nunquam
721 699 1022 743 denegaverant,
1050 695 1203 733 reduce-

75 794 108 814 „
139 776 210 806 ret.
293 769 334 805 M
345 768 423 804 ulta-
469 767 535 804 illo
587 776 756 814 tempore
805 765 1048 802 imminebant
1092 766 1199 802 mala.

16 880 20 890 ι
73 864 108 884 aa
136 837 197 876 Ab
233 838 422 876 extraneis
451 837 576 885 copiis
611 847 724 884 atque
758 836 803 875 ab
827 837 978 874 homine
1005 834 1202 884 peregrino

76 935 108 957 ,‚
134 907 228 946 nihil
269 908 359 945 boni
384 907 584 956 exspectari
611 908 749 955 poenit.
805 907 856 945 At
879 917 996 953 vero,
1024 905 1202 953 quoniam

74 1005 109 1026 „
136 990 156 1017 a
181 986 218 1015 te
246 977 377 1016 missus
409 987 484 1017 erat
513 979 788 1024 Albanus,
819 976 883 1014 etsi
921 975 1030 1014 facile
1055 975 1203 1024 potuis-

76 1076 110 1096 „
136 1049 244 1095 sent,
270 1050 403 1098 Belgae
427 1061 511 1087 eum
535 1060 658 1087 arcere
686 1049 855 1087 noluere.
911 1047 1047 1085 Omnia
1072 1047 1104 1083 ei
1131 1054 1204 1083 tra-

72 1146 106 1166 „
134 1119 316 1156 debantur
336 1131 349 1157 t
389 1119 498 1156 urbes
532 1128 660 1167 portas
703 1118 782 1157 suas
807 1118 941 1166 sponte
976 1125 1202 1165 aperuerunt

73 1217 110 1236 ‚,
136 1189 367 1237 militemque
403 1189 615 1237 Hispanum
646 1189 776 1235 omni,
821 1200 893 1235 qua
916 1187 1069 1236 possent
1088 1216 1101 1234 ‚
1136 1187 1200 1223 be-

69 1287 105 1306 „
131 1260 336 1298 nivolentia
361 1270 611 1307 exceperunt:
642 1270 686 1297 ex
723 1260 800 1306 quo
823 1258 950 1306 colligi
971 1258 1059 1295 licet
1076 1286 1089 1303 ‚
1118 1268 1198 1307 omf

73 1357 107 1378 ‚,
134 1341 202 1368 nes
236 1331 340 1377 regio
368 1329 526 1378 imperio
567 1328 724 1377 obsequi
767 1329 923 1366 omnino
954 1312 1199 1376 concupivisss

69 1429 106 1448 „
134 1400 183 1439 se.
238 1400 381 1450 Quodsi
417 1400 665 1438 Albanus
699 1399 818 1438 totius
849 1398 1075 1447 reipublicae
1105 1408 1200 1447 con-¹¹

74 1499 107 1519 ,‚
132 1472 314 1510 ditionem
354 1481 440 1508 ante
477 1479 646 1508 accurate
672 1469 936 1518 expendisset,
974 1480 1082 1516 quam
1116 1477 1198 1506 om-

74 1569 107 1588 „
134 1541 194 1578 nia
227 1539 436 1586 turbasset,
470 1540 682 1587 respublica
708 1549 809 1577 certe
832 1548 891 1577 tot
918 1546 1092 1585 tantaque
1123 1548 1197 1589 mas

71 1630 109 1660 5,
136 1612 170 1650 la
203 1622 279 1649 non
307 1609 491 1648 subiisset.
546 1609 667 1656 Atqui
696 1609 922 1646 atrocisfima
957 1607 1109 1646 consilia
1143 1594 1202 1657 at}

73 1709 105 1730 ,,
134 1693 208 1729 que
234 1679 467 1729 implacabile
483 1708 496 1726 ‚
525 1680 630 1727 quod
654 1688 808 1727 pectore
830 1678 978 1724 alebat,
1007 1689 1092 1726 erga
1116 1678 1202 1715 Bel.

70 1779 102 1800 ,‚
131 1763 194 1800 gas
232 1751 359 1789 odium
379 1778 392 1797 ‚
430 1749 660 1798 supprimere
688 1751 785 1788 haud
824 1751 978 1796 valens,
1018 1748 1196 1798 imperio-

69 1847 105 1871 „
131 1820 192 1860 sus
225 1833 267 1859 ac
303 1820 420 1859 veluti
460 1820 713 1867 furibundus,
741 1820 866 1858 omnia
897 1819 1093 1868 Belgarum
1113 1821 1198 1869 jura

69 1918 103 1940 ‚,
130 1891 290 1940 turpiter
311 1891 500 1940 neglexit,
524 1891 665 1940 judicia
686 1891 879 1936 abolevit,
907 1902 1048 1928 novum
1076 1890 1198 1938 quod-

67 1989 102 2012 „
129 1962 210 2001 dam
225 1990 239 2009 ‚
266 1963 431 2001 inaudita
457 1961 678 2000 crudelitate
702 1961 864 2000 saeviens
879 1989 892 2009 ,
915 1961 1082 2000 tribunal
1105 1972 1197 2000 con-

70 2051 104 2080 „
132 2032 274 2080 stituit,
302 2033 518 2071 innumeros
551 2032 655 2070 cives
683 2033 790 2071 nullo
817 2033 973 2071 crimine
996 2032 1195 2071 convictos

69 2129 103 2152 „
129 2104 276 2141 necavit
293 2131 306 2148 ,
360 2104 497 2141 nullam
543 2103 696 2152 aetatis,
751 2103 923 2152 generis,
978 2103 1193 2152 indolisque

75 2200 108 2222 „
125 2171 305 2212 rationem
332 2174 474 2212 habens
492 2201 506 2221 ,
532 2172 662 2221 senes,
690 2185 858 2222 pueros,
875 2171 1058 2212 foeminas
1084 2173 1199 2222 virgi-

68 2270 100 2291 „
127 2254 270 2292 nesque
293 2244 472 2283 nefandae
496 2244 654 2282 militum
684 2244 831 2283 libidini
856 2244 1114 2290 condonavit,
1145 2257 1200 2281 re·

69 2340 99 2362 ,‚
120 2313 257 2362 ‘giones
290 2315 542 2364 depopulatus
578 2323 667 2362 est,
709 2315 832 2356 urbes!
854 2314 1009 2363 diripuit
1049 2314 1197 2351 misero·

1054 2410 1085 2431 „
1113 2394 1195 2421 rum
