1483 2860
397 256 905 300 L1TERAR1A.
1145 268 1195 310 49

84 395 111 419 „
137 377 199 407 mo
232 374 292 406 tot
326 376 482 409 vexatus
522 367 719 420 tormentis
753 365 1007 417 poenitentiae
1035 364 1196 415 vestigia

81 465 115 487 „
141 437 327 477 exhibuit.
355 439 408 478 Et
430 438 598 478 fiverum
615 439 817 485 volumus,
846 436 1074 486 quotidianis
1093 437 1196 485 spec-

79 526 114 557 „
141 508 274 547 taculis
300 507 482 547 animatur
508 507 737 558 constantia3
765 507 877 547 unius
903 507 1083 554 exitium,
1110 507 1195 556 plu-

74 602 111 627 „
137 579 248 618 rium.
272 587 329 618 est
363 577 549 618 illecebra.
611 579 675 618 Ad
705 579 794 618 haec
824 578 1026 618 verendum
1059 587 1107 616 ne
1137 577 1195 616 la-,

79 675 105 698 „
129 648 259 688 cesfita
292 649 469 699 patientia
497 658 602 688 exeat
626 649 665 687 in
702 648 894 696 furorem,
922 656 959 686 et
990 647 1037 686 ad
1067 657 1187 686 armo-

77 744 103 767 „
127 724 210 757 r'um
247 718 499 758 necesfitatem
536 718 749 768 desperatio
780 719 992 758 traducatur
1010 716 1124 766 (1).”

127 790 333 839 Singularis
367 790 571 838 quaedam,
597 789 642 827 ni.
673 788 809 837 fallor,
836 789 874 826 in
901 789 1014 826 hacce
1035 784 1190 824 nervosa

79 858 246 897 oratione
294 859 458 909 splendet
489 859 705 908 prudentiae
743 858 864 897 civilis
905 857 1058 907 peritia,
1108 855 1201 894 mira

80 929 256 976 quaedam
281 929 327 967 de
351 928 654 978 impendentibus
681 929 857 978 procellis
889 926 1108 977 praesagitio
1145 934 1201 967 at.-

77 1006 154 1043 que
213 996 360 1035 insolita
403 998 450 1036 ad
490 997 778 1037 adversariorum
828 996 1076 1046 effringendos
1121 993 1201 1034 ani-'

74 1075 157 1103 mos
182 1066 255 1105 vis.
308 1066 363 1104 At
393 1079 483 1105 vero
511 1067 550 1105 hi
577 1068 683 1106 nullo
715 1068 827 1109 facto
851 1079 872 1106 a
903 1065 1097 1116 proposito
1130 1064 1197 1102 suo

72 1136 242 1174 recedere
293 1136 470 1174 volebant
514 1137 737 1184 legibusque
787 1146 828 1174 et*
869 1136 1026 1174 decretis
1052 1163 1091 1183 ,h
1115 1140 1202 1173 utut

75 1205 319 1254 perniciofis‚
353 1204 542 1243 mordicus
566 1205 827 1246 adhaerebant.
881 1204 1049 1242 Tandem
1082 1202 1202 1243 Mar?

76 1275 235 1324 garita
274 1275 497 1322 Theologos
538 1274 754 1313 sententiam
796 1273 897 1312 suam
937 1272 1056 1310 literis
1099 1280 1201 1316 mane

73 1344 158 1383 dare
179 1343 304 1394 jussit.
358 1345 465 1395 Quae
490 1344 578 1383 haec
605 1343 684 1383 fere
707 1343 939 1387 continebat.

77 1442 102 1454 -.
127 1414 343 1455 Concilium
381 1413 672 1459 Tridentinum,
724 1420 767 1450 ut
801 1412 849 1450 iis
876 1409 1102 1457 videbatur,
1129 1419 1199 1456 op·

78 1484 168 1523 time
199 1492 421 1531 curaverat,
452 1492 493 1522 ut
529 1493 657 1521 omnes
685 1480 857 1521 ecclefiae
887 1480 1078 1518 Romanae
1111 1479 1202 1516 doc-

78 1555 210 1593 trinam
262 1562 432 1591 accurate
478 1554 735 1591 edocerentur.
818 1552 1045 1597 Caeterum,
1089 1547 1207 1586 sacer-

78 1624 210 1662 dotum
247 1631 351 1670 erat,
401 1622 576 1660 omnibus
614 1620 783 1659 ecclefiae
834 1619 1042 1658 commodis
1079 1617 1206 1666 gnavi-

80 1701 138 1731 ter
162 1692 311 1732 servire.
377 1692 497 1731 Porro
541 1691 635 1729 idem
666 1691 870 1729 concilium
908 1690 953 1727 de
984 1676 1206 1726 clericorum

80 1763 251 1802 moribus
295 1773 422 1801 curam
476 1761 658 1810 agendam·
699 1759 919 1808 scholasque
965 1756 1207 1797 instituendas

81 1834 159 1873 esse
184 1832 356 1883 jusserat.

133 1904 322 1943 Praeterea
335 1902 481 1940 decreta
499 1928 512 1949 ‚
523 1900 596 1951 jam
607 1908 692 1938 ante
708 1899 861 1947 triginta
889 1907 925 1937 et
948 1897 1116 1946 quinque
1140 1906 1203 1934 an-

79 1983 156 2014 nos
177 1973 373 2021 confecta,
387 1981 529 2011 mutare
539 1970 691 2009 minime
704 1969 875 2018 expedire
895 1967 1106 2007 videbatur.
1133 1967 1205 2005 At-

85 2042 365 2093 tamenJudices
375 2042 584 2082 clanculum
606 2039 862 2078 admonendos
881 2025 963 2076 vesse
991 2038 1204 2083 duxerunt,

89 2119 135 2150 ut
168 2112 378 2161 pervicaces
405 2119 550 2150 tantum
576 2097 782 2148 haereticos
818 2116 937 2146 morte
971 2106 1212 2153 damnarent,

89 2188 136 2221 ut
169 2180 265 2220 inter
288 2181 411 2220 varias
443 2180 558 2219 sectas
574 2207 588 2228 ,
616 2178 675 2219 uti
699 2177 878 2224 decebat,
909 2174 1179 2225 distinguerent
1192 2185 1211 2224 ‚3

1156 2252 1216 2280 ae-

134 2330 192 2371 (ι)
211 2330 282 2363 Vld.
305 2331 572 2369 Burgundus,
592 2331 781 2368 op.1.pag‚
800 2338 851 2368 44.
873 2328 938 2364 sqq.
983 2327 999 2335 ²
