1483 2860
236 216 281 271 34
472 209 1134 257 COMMENTA-Tlo

234 341 286 368 no
320 328 475 366 crudum
511 325 718 371 adhibent,
747 323 785 359 in
822 335 898 371 quo
928 323 1352 371 meum-empyreum-

233 399 350 437 ticum
383 397 503 435 adhuc
537 394 725 431 invenitur
757 393 829 440 1),
878 404 986 439 quam
1025 391 1248 429 solutionem
1282 404 1351 430 no-

234 468 333 507 mine
348 464 628 518 pyro-lignitis
639 462 748 511 ferri
773 461 956 508 designare
978 462 1124 509 soient3
1154 463 1225 499 hoc
1252 462 1350 514 enirn

234 537 284 577 sal
314 523 459 574 eolores
487 532 712 577 vividiores‚
740 521 1052 578 purioresqtum'
1072 540 1107 568 et
1130 531 1246 581 magis
1266 543 1354 569 acu-

234 613 297 643 tos
331 601 510 652 producit
543 611 652 648 quam
686 608 808 636 aceras
842 598 932 637 ferri
970 612 1054 637 cum
1087 610 1190 638 aceto
1215 613 1233 638 e
1254 613 1355 639 cere-

237 673 328 713 visia
355 681 521 720 paratus.
575 669 818 708 Metallorum
843 667 1005 707 fabricae
1029 679 1132 708 aceto
1156 671 1202 708 ad
1228 672 1356 709 metal-

238 741 274 781 la
303 741 498 791 paululum
530 738 770 786 decoquenda
809 748 846 776 et
879 738 964 776 dein
1008 740 1226 788 expo'lienda
1263 750 1300 778 et
1334 754 1355 780 a

236 802 412 861 rubigine
446 809 644 858 separanda
678 816 864 863 utuntur,
908 809 1012 855 quod
1044 809 1242 857 praecipue
1274 810 1358 857 qui·

237 877 319 921 dem
353 879 392 918 in
419 878 572 917 fabricis
606 877 832 925 laminariis‚
875 877 913 915 in
941 878 1081 926 quibus
1108 878 1263 917 laminae
1290 882 1356 917 cu-

239 963 347 1002 preae
372 959 409 988 et
432 948 571 987 ferreae
606 947 733 986 stanno
768 948 1035 995 obducuntur,
1063 949 1190 987 locum
1229 948 1353 987 habet.

236 1025 297 1063 Ex
332 1021 461 1074 eodem
494 1018 600 1057 fonte
636 1018 743 1056 etiam
780 1017 819 1055 in
856 1017 1015 1055 officinis
1060 1019 1274 1057 monetariis
1310 1021 1356 1059 ad

239 1088 335 1143 ipsas
371 1098 538 1129 monetas
563 1087 825 1143 ‚excoquendas
854 1086 1007 1125 inservit
1035 1088 1096 1134 2).

259 1195 269 1213 .·
289 1161 431 1201 Verum
460 1171 538 1199 non
558 1168 703 1214 *tantum
731 1159 776 1197 ad
800 1157 904 1197 usum
926 1158 1132 1196 chemicurn
1167 1158 1228 1196 sed
1250 1160 1358 1198 etiam

238 1214 286 1272 ad
323 1230 430 1270 usum
475 1224 760 1269 oeconomicum
795 1227 1001 1276 saepisfime
1045 1228 1242 1266 adhibetur
1278 1242 1362 1268 ace-

239 1314 335 1343 tum.
392 1302 532 1340 Omnes
564 1300 660 1337 enim
683 1297 904 1336 substantiae
938 1297 1111 1335 animales
1145 1307 1182 1336 et
1210 1307 1361 1347 vegeta-

238 1369 335 1411 biles
372 1370 665 1421 proprietatibus
703 1368 881 1407 vitalibus
918 1368 1108 1416 gaudent,
1151 1369 1290 1416 quibus
1326 1369 1360 1407 si

238 1434 435 1492 ¹privantur
457 1438 811 1488 decompofitionem
835 1437 1035 1475 chemicam
1061 1436 1234 1476 subeunt.
1262 1439 1361 1477 Ace-

238 1522 319 1565 tum
355 1513 428 1561 jam
465 1507 610 1558 saepius
644 1507 794 1547 inservit
815 1508 862 1546 ad
889 1508 970 1545 illas
1004 1507 1221 1547 substantias
1243 1520 1263 1546 a
1288 1521 1360 1558 pu-

238 1578 380 1631 tredine
419 1580 628 1618 incolumes
667 1577 876 1617 servandas.
957 1577 1123 1616 Subinde
1172 1579 1222 1616 ita
1261 1580 1362 1627 apud

238 1653 365 1708 plures
400 1649 572 1688 homines
618 1659 705 1686 caro
757 1659 883 1685 recens
918 1646 1059 1686 bovina
1100 1649 1160 1686 vel
1203 1648 1361 1686 vitulina

237 1718 464 1767 vel'ferIna‚
488 1728 683 1766 antequam
711 1717 756 1755 ad
781 1718 994 1756 alimentum
1024 1718 1269 1766 adhibeatur,
1293 1731 1359 1768 per

238 1791 376 1846 yiginti
406 1798 567 1838 quatuor
588 1790 698 1827 horas
729 1789 768 1825 in
807 1797 950 1825 acetum
988 1787 1137 1825 immitti
1173 1788 1290 1837 solet,
1317 1799 1360 1828 ut

241 1861 288 1900 sic
312 1861 406 1910 odor
431 1868 466 1897 et
495 1860 602 1907 sapor
626 1859 791 1905 ingratus
820 1870 931 1905 quem
966 1869 1051 1895 caro
1089 1859 1281 1906 animalis,
1311 1871 1355 1898 eo

240 1914 451 1976 nraesertiiu
476 1929 670 1977 tempore,
696 1939 773 1976 quo
798 1928 938 1965 bestiae
976 1929 1118 1966 coitum
1148 1939 1357 1977 appetunt,

240 1994 260 2032 Τ
258 2013 361 2039 ecum
389 2000 488 2048 fert,
516 1999 672 2037 tollatur
706 2007 741 2036 et
765 1998 885 2035 carnis
922 1998 1133 2036 teneritudo
1163 2007 1357 2047 augeatur.

645 2068 649 2069 ⁷
1294 2070 1357 2111 Sic

240 2198 241 2201 Ἴ
281 2170 317 2204 ι)
340 2167 433 2196 C'onf.
456 2166 618 2196 memorial
643 2166 782 2203 pratique
799 2167 839 2196 du
850 2165 998 2195 Chimlste
1019 2165 1273 2202 Manui'acturier,
1289 2146 1358 2195 pai.

249 2229 346 2262 1824,
366 2226 459 2254 Tom.
483 2224 527 2253 11.
550 2232 618 2259 pag.
639 2227 709 2259 428.

243 2289 247 2294 ·
281 2283 319 2319 2)
339 2283 457 2311 Herm
470 2281 610 2312 bstiidt
623 2301 634 2317 ,
654 2280 823 2317 Anleitung
842 2287 923 2317 etc.,
943 2287 1009 2316 pag.
1031 2281 1100 2314 236.
