1483 2860
283 294 359 323 210
506 276 1169 320 COMMENTATIO

285 400 440 440 postea,
480 390 546 437 qui
585 389 624 426 id
666 389 883 434 valdequam
921 383 1227 433 improbaverim.
1291 384 1409 434 Quos·

286 461 383 498 inter
415 459 522 498 multi
550 457 767 497 exstiterunt
800 455 986 503 Principes
1005 484 1017 502 ‚
1045 454 1158 491 nimia
1193 454 1409 494 dominandi¹

284 529 439 568 libidine
486 527 686 576 prorepti,
727 526 794 574 qui
833 526 1069 563 vehementer
1105 523 1312 569 timebant,
1360 535 1412 562 ne

286 599 415 645 cives,
444 597 583 645 quibus
620 596 850 645 imperabant
867 624 880 643 ,
910 596 1103 643 Belgarum
1131 595 1305 642 exemplo·
1342 605 1415 631 ex-r

285 668 386 706 citati
403 697 415 715 ,
453 669 534 716 Jura
562 665 625 704 sua
652 665 853 713 aliquando
895 665 1140 702 vindicarent.
1168 694 1172 697 r
1195 664 1411 703 Dolendum

284 737 391 784 sane,
421 738 549 785 plures
569 740 736 784 repertos
764 733 840 773 esse
868 734 972 773 viros
998 734 1189 780 eruditos,
1217 734 1282 781 qui
1307 734 1412 772 Prin·

288 808 438 856 cipibus
456 805 615 854 impense
639 805 849 851 studentes,
869 806 930 842 vel
951 805 1078 841 nescio
1107 816 1182 852 quo
1198 815 1321 842 errore
1347 803 1416 842 im-

279 878 401 923 buti,
438 876 673 914 illimitatutn
707 873 977 922 imperantibus
1018 872 1214 920 imperium
1248 872 1415 911 t1ibuere

292 946 392 985 haud
419 944 624 984 dubitarint
640 973 652 991 ‚
684 944 737 982 uti
757 943 924 982 fecerunt
944 942 981 980 H
996 942 1056 980 ob
1070 943 1094 979 b
1108 954 1154 980 es
1170 942 1250 982 ius
1267 971 1280 990 ,
1307 944 1332 982 S
1349 956 1370 982 a
1385 943 1417 981 l·

293 1016 517 1061 masius,
557 1014 830 1052 Vilmerus
866 1012 1016 1060 aliique.
1070 1013 1244 1061 Quorum
1271 1013 1418 1062 scriptis

293 1096 370 1123 non
406 1083 513 1122 facile
547 1085 664 1122 dicam
685 1112 698 1130 ‚
739 1090 920 1130 quantum
963 1083 1009 1121 ad
1040 1084 1269 1131 tyrannidem
1308 1082 1420 1122 affec·

295 1155 441 1193 ta‘ndam
479 1155 605 1203 plures
642 1153 838 1202 Principes
877 1151 1028 1191 excitati
1064 1151 1218 1191 fuerint.
1272 1153 1415 1192 Verum

299 1220 365 1272 qui
401 1221 450 1261 ita
485 1223 726 1278 existimant,
766 1223 902 1269 iidem,
943 1223 1115 1260 homines
1163 1221 1287 1261 omnis
1323 1223 1418 1272 juris

301 1282 471 1349 expertes
495 1293 632 1331 faciant
644 1321 665 1339 ,A
685 1292 830 1330 necesse
858 1300 941 1339 est,
970 1300 1006 1329 et
1031 1291 1242 1330 animalium
1279 1292 1420 1341 instar,

303 1363 562 1411 imperantium
587 1362 759 1400 licentiae
789 1361 941 1411 prorsus
979 1363 1228 1401 committant.
1294 1363 1421 1401 Nobis

303 1445 400 1472 vero·
426 1433 472 1470 de
504 1433 570 1470 hac
600 1444 638 1471 re
671 1433 771 1470 nulla
809 1432 994 1470 dubitatio
1022 1432 1133 1471 inest.
1185 1433 1424 1471 Admiramur

304 1503 434 1553 potius
460 1504 639 1552 majorum
662 1511 881 1540 nostrorum
905 1503 1119 1551 patientiam
1137 1530 1151 1550 ‚
1174 1502 1240 1551 qui
1255 1510 1312 1540 tot
1343 1511 1424 1540 tan⁴

303 1560 416 1622 taque
448 1581 535 1611 ante
569 1571 760 1611 subierunt
799 1573 922 1620 mala,
963 1585 1071 1620 quam
1112 1584 1233 1621 regem
1273 1583 1425 1621 respue-

304 1629 408 1689 runt.
461 1642 745 1695 Gulielmi,
784 1642 850 1690 qui
889 1642 927 1681 id
959 1643 1103 1680 tandem
1144 1641 1328 1691 perfecit,
1369 1653 1424 1680 ra·

304 1718 427 1755 tiones
461 1726 539 1753 non
566 1714 857 1762 comprobamus
902 1713 1040 1760 modo,
1078 1722 1205 1750 verum
1239 1719 1280 1750 et*
1314 1711 1427 1750 vehe-
1472 1727 1480 1733 κ

309 1788 451 1825 menter
477 1785 691 1823 laudamus.

802 1914 841 1962 ς.
897 1925 956 1952 10.

361 2070 671 2120 Quandoquidem
717 2069 877 2109 Ordines
914 2070 1118 2109 Generales
1157 2080 1277 2109 omne.
1314 2069 1427 2108 Phi·

309 2141 448 2191 lippi
489 2142 526 2180 in
552 2141 719 2190 Belgium
760 2141 956 2190 imperium
994 2141 1233 2179 aboleverant
1271 2149 1308 2178 et
1340 2151 1425 2178 cum

310 2210 519 2250 Valesi'o
566 2212 611 2250 de
651 2211 860 2260 principatu
898 2211 930 2249 ei
976 2209 1177 2249 deferendo
1212 2210 1283 2260 jam
1319 2220 1428 2259 agere

306 2287 533 2330 coeperant,
561 2283 662 2320 Mat
677 2282 726 2319 th
745 2281 753 2318 i
770 2293 819 2319 as
843 2282 938 2319 clare
966 2281 1176 2327 intellexit,
1202 2278 1238 2317 se
1262 2290 1323 2317 res
1344 2278 1427 2317 Bel-.

303 2353 401 2402 gicas
428 2351 466 2389 in
498 2361 687 2401 posterum
730 2353 907 2390 moderari
942 2356 1022 2389 no'n'
1056 2348 1181 2399 posse.
1236 2349 1365 2396 Itaque
1400 2359 1421 2385 a

1343 2427 1414 2455 tet-
