1483 2860
377 208 974 254 THEOLoGch.
1189 210 1237 255 83

121 327 305 377 ‚quocirca
330 322 676 375 opportunitatibus
701 331 743 358 ac
775 318 875 357 felici
919 327 1040 355 rerum
1082 315 1235 354 eventui

125 398 305 437 nonnulla
343 396 449 434 etiam
497 392 581 431 sunt
619 389 814 429 tribuenda
857 388 940 437 (1).
1005 387 1102 425 Cum
1138 384 1236 422 enim

128 469 271 515 multa,
297 467 336 504 in
367 466 425 502 his
448 462 638 511 inopinata
662 459 842 498 nonnulla
874 457 970 506 (2),
998 454 1066 492 fibi
1092 452 1238 491 evenire

127 550 306 589 prospera
328 536 498 581 videret,
527 544 570 570 eo
595 531 741 569 tandem
766 526 937 566 audaciae
963 523 1169 573 procesfit‚
1196 529 1239 559 ut

129 610 175 648 ad
202 611 318 657 Papae
349 615 482 644 nutum
504 610 626 641 totum
651 597 831 647 componi
857 596 985 634 orbem
1007 595 1137 632 vellet.

181 680 281 718 Haec
319 664 370 715 ita
401 671 676 722 universessbi
708 668 872 707 sumfisse
912 666 1058 705 videtur
1093 663 1242 712 Grego-

129 750 234 788 rius:

179 833 218 859 a.
248 820 301 858 Ut
334 819 474 857 clerum
506 827 531 853 a
549 812 765 865 principum
787 808 943 859 imperio
967 804 1124 844 liberum
1158 800 1245 841 red-

259 889 379 928 deret.

181 962 217 1000 b.
247 961 301 998 Ut
324 972 348 997 a
365 957 444 1005 sud
462 955 690 994 auctoritate
708 951 896 1004 principes
919 948 986 997 ipsi
1001 943 1222 998 penderent.

183 1044 220 1071 c.
247 1031 300 1068 Ut
328 1029 468 1066 clerum
498 1025 567 1073 sthi
592 1023 799 1074 subjectum
831 1018 982 1057 haberet
1017 1027 1052 1055 et
1081 1012 1251 1054 emenda-

261 1108 348 1145 ret,
376 1095 658 1145 universamque
694 1091 894 1140 Ecelestam
920 1086 1109 1139 despoticd
1134 1086 1253 1124 ratio·

261 1182 306 1206 ne
331 1167 577 1218 gubernaret.
1136 1156 1141 1165 '

186 1240 337 1291 Quibus
364 1237 472 1275 factis
508 1235 596 1272 haec
622 1230 763 1271 diversa
800 1229 953 1268 confina
983 1227 1158 1276 perficere
1191 1237 1254 1264 co·

135 1321 246 1352 natus
270 1310 340 1358 fit,
364 1305 607 1355 sequentibus
634 1300 875 1353 paragraphis
901 1299 1084 1338 continuo
1109 1297 1255 1344 indaga-

139 1384 280 1422 bimus,

633 1499 670 1546 §⁴
727 1510 765 1535 2.

184 1648 362 1699 Gregorii
380 1653 534 1684 conatus
549 1670 562 1690 ,
584 1650 626 1679 ut
651 1639 793 1677 clerum
813 1650 838 1675 a
862 1636 1076 1688 principum
1099 1634 1212 1682 impe-

481 1716 537 1751 rio
559 1710 716 1750 liberum
740 1706 926 1748 redderet.

201 1862 301 1902 Cum
325 1856 532 1908 Gregorius
560 1854 598 1893 in
625 1852 921 1904 praecedentium
946 1852 1127 1899 paparum
1154 1857 1264 1896 agen-

149 1931 187 1971 di
217 1930 361 1970 ratione
392 1929 460 1979 (3)
486 1927 626 1966 multos
657 1936 798 1963 errores
843 1922 1010 1970 vitiaque
1041 1921 1157 1958 multa
1184 1918 1262 1958 ani-

1165 1989 1266 2028 mad-

189 2128 243 2164 (ι)
265 2127 358 2156 Gonf.
375 2125 464 2160 hujus
483 2123 767 2159 commentationis,
788 2124 864 2152 Part.
884 2123 927 2152 11.
948 2122 1024 2158 Cap.
1052 2123 1110 2151 111.
1132 2123 1159 2158 §.
1182 2132 1207 2152 1.

192 2185 245 2220 (α)
266 2185 360 2220 Quam
392 2182 568 2211 seutentiam
594 2181 749 2217 professus
777 2187 823 2209 est
845 2181 926 2209 Hee
939 2188 1029 2215 ren,
1062 2181 1187 2216 Gevolg.
1209 2180 1265 2207 der

160 2240 302 2276 Krane„
324 2247 391 2276 pag.
413 2241 463 2273 65.

196 2295 251 2332 (s)
271 2297 349 2325 Ante
373 2295 612 2330 Gregorium
633 2296 699 2324 VII.
723 2295 811 2324 multi
828 2292 959 2329 Papae,
988 2302 1021 2322 ut
1049 2293 1198 2330 vidimus,
1221 2295 1270 2322 In-

675 2353 704 2390 F
732 2365 754 2390 2
1203 2360 1272 2384 ve·-
