1483 2860
307 251 883 325 ⁴L1TERAR1A.
1111 297 1182 335 107

67 393 294 442 plomatibus
308 393 382 432 suis
394 394 649 433 auctoritatem
665 395 780 432 daret.
805 395 908 432 Haec
922 403 981 433 res
991 395 1118 433 multis
1134 395 1187 433 sa·

68 452 116 502 ne
136 464 415 503 difficultatibus
430 464 609 513 implicita
622 475 690 502 nec
714 463 822 503 facile
836 465 1008 513 expeditu
1024 465 1185 503 videtur.

69 533 109 573 G
125 534 302 573 ulielm
317 546 369 574 us
396 534 492 573 enim
519 536 734 573 muneribus
761 534 836 574 suis
850 562 864 582 ,
895 535 1034 583 quibus
1049 535 1088 573 in
1107 535 1191 572 Bel-

66 603 133 651 gio
171 612 324 643 ornatus
353 613 430 643 erat
466 604 528 644 sua
561 604 692 654 sponte
730 605 767 644 se
800 605 1031 644 abdicaverat
1066 604 1190 652 iisque

69 669 220 722 insuper
257 673 304 712 ab
340 674 508 714 Alban
525 686 549 713 o
587 685 663 715 erat
689 676 872 725 privatus.
925 676 1052 726 Quare
1089 677 1193 714 nulla

69 743 223 793 proprie
252 744 292 782 in
329 744 461 794 Belgio
495 746 678 795 gaudebat
711 754 913 795 potestate.
967 745 1190 785 Araufiacus

70 812 221 861 quidem
247 822 286 853 et
314 815 519 854 Nassavius
552 817 731 866 Princeps
758 825 856 866 erat3
885 817 947 856 sed
970 816 1044 854 hoc
1070 815 1194 855 nomi-

73 892 122 922 ne
143 892 275 923 contra
288 879 483 933 Hispanos
507 897 606 924 arma
629 895 776 926 vertere
800 897 879 926 non
898 895 1061 936 poterat.
1113 887 1194 925 Ve-

68 964 168 1002 rum,
185 955 357 1002 quamvis
368 956 457 994 haec
476 956 525 995 ita
537 956 623 1004 sint,
638 968 716 995 non
732 958 834 995 omni
846 958 1001 995 omnino
1013 955 1195 996 defenfio-

71 1033 231 1063 necaret
253 1025 526 1065 Gulielmi
561 1028 691 1076 agendi
716 1026 826 1068 ratio.
856 1027 1194 1066 Albanusssenirn

71 1102 201 1132 contra
224 1095 286 1144 jus
317 1094 450 1145 fasque
473 1097 512 1136 G
528 1098 601 1136 uli
615 1099 709 1137 elm
726 1110 750 1136 u
764 1111 798 1136 m
822 1098 1051 1137 accusaverat
1066 1098 1195 1144 ‚dam-

69 1167 223 1203 'naverat
256 1168 413 1223 ejusque
439 1167 538 1206 bona
574 1168 713 1207 aerario
755 1168 958 1208 addixerat.
1012 1164 1114 1205 Hae‘c
1133 1168 1195 1216 J‘u-

72 1234 124 1278 ris
162 1235 271 1274 laefio
308 1245 410 1275 tanta
450 1237 625 1287 profecto
665 1246 767 1286 erat,
808 1247 851 1277 ut
889 1237 1193 1277 Gulielmus

72 1306 176 1345 nulla
207 1306 369 1355 amplius
408 1307 768 1347 obedientia'teneri
804 1316 917 1355 atque
957 1307 1095 1359 inJ'urio
1129 1306 1196 1345 im-

74 1377 182 1425 perio
219 1377 367 1415 hostem
394 1376 428 1415 se
456 1378 616 1427 probare
649 1377 717 1417 suo
749 1379 832 1429 jure
856 1377 997 1427 posset.
1048 1378 1195 1424 Porro,

72 1455 117 1486 ut
147 1447 247 1485 vitae
283 1448 490 1496 periculum
520 1447 728 1498 effugeret,
753 1450 792 1488 in
818 1448 1057 1488 Germaniam
1097 1459 1197 1486 rece·

73 1517 164 1564 dere
199 1526 355 1556 coactus
395 1517 468 1557 fuit
505 1527 542 1556 et
573 1528 706 1557 contra
730 1520 794 1570 jus
826 1519 1049 1568 publicum,
1076 1519 1196 1566 vquod

75 1587 350 1637 imperantibus
393 1588 591 1627 intercedit
626 1601 710 1627 cum
739 1588 980 1638 magistratu,
1021 1588 1198 1627 omnibus

75 1657 286 1697 honoribus
323 1658 527 1696 destitutus
561 1667 632 1696 est.
667 1658 817 1708 'Quum
846 1657 962 1706 igitur
995 1664 1076 1696 non·
1106 1656 1200 1706 legi-

71 1726 170 1765 timo
191 1728 304 1766 modo
329 1725 573 1775 praefecturis
599 1726 675 1765 suis
700 1728 868 1776 privatus
897 1727 992 1765 esset
1008 1755 1022 1775 ‚
1050 1727 1123 1765 hoc
1149 1727 1198 1765 ti-

74 1797 158 1835 tulo
173 1796 450 1846 provinciarum
466 1795 612 1835 suarum
629 1798 712 1847 jura
735 1797 801 1835 fibi
827 1797 1014 1836 vindicare
1042 1797 1198 1846 vimque

74 1867 252 1918 injustam
286 1868 465 1917 repellere
500 1870 682 1916 poterat.‘
725 1867 966 1907 Albanus
1007 1867 1196 1916 potentiae

75 1936 160 1977 suae
175 1938 310 1977 limites
326 1937 538 1977 excesserat
554 1966 567 1986 ,
595 1949 741 1976 omnem
754 1937 942 1976 Ordinum
957 1937 1032 1977 vim
1051 1946 1087 1976 et
1108 1950 1197 1977 auc-

74 2008 262 2047 toritatem
283 2008 443 2058 fregerat
460 2036 474 2056 ,
502 2009 713 2057 neglexerat
738 2016 880 2056 atque,
909 2020 1134 2056 quamquam
1159 2005 1197 2046 se

77 2079 225 2118 hostem
247 2090 324 2117 non
342 2077 535 2127 professus
549 2088 626 2118 erat
641 2107 655 2127 ,
670 2078 800 2118 hostili
813 2088 934 2118 tamen
955 2089 1067 2119 manu
1088 2079 1128 2117 in
1142 2079 1196 2117 ci-

77 2161 145 2189 -ves
165 2150 302 2188 saevire
313 2148 383 2189 fibi
414 2148 640 2198 permiserat.
681 2149 849 2188 Eandem
871 2149 986 2199 igitur
1007 2148 1195 2187 licentiam

78 2219 380 2259 Gulielmus
414 2218 484 2257 fibi
514 2219 655 2258 sumere
685 2231 750 2268 ac,
779 2220 843 2259 etfi
867 2219 902 2258 se
921 2219 1018 2268 regis
1045 2220 1194 2258 hostem

76 2299 157 2328 non
189 2288 353 2337 diceret,
388 2288 646 2338 Hispanorum
671 2288 844 2343 injuriam
877 2290 1059 2340 depellere
1073 2316 1087 2337 ,
1124 2298 1195 2327 no-

83 2369 134 2398 vo
168 2359 327 2410 quodam
355 2359 440 2409 jure
469 2356 630 2400 valebat.
672 2359 674 2361 ’

166 2439 168 2441 ·
1118 2426 1195 2466 Ve-
