1483 2860
209 176 260 214 60
431 168 1129 213 COMMENTATIOV

205 282 314 335 genio
340 280 575 330 hydrogenio
598 288 634 318 et
653 278 852 317 carbonico
886 278 1052 319 constare
1078 290 1288 329 agnoscunt
1302 311 1319 332 ,

203 365 282 394 non
312 364 402 392 vero
439 351 491 389 ita
531 351 577 388 de
608 349 757 387 illorum
793 348 1066 398 principionem
1112 352 1319 398 quantitate

201 422 353 463 relativa
391 421 488 458 inter
528 419 564 457 se
595 417 843 455 consentiunt.
910 418 1057 458 Primus
1089 419 1154 459 Cl.
1193 420 1260 460 Hi
1277 433 1322 473 g-

202 493 321 544 gins
353 498 509 528 conatus
541 495 624 533 est,
663 487 929 535 proportiones
962 488 1002 527 in
1035 488 1177 537 quibus
1215 489 1348 538 prin--

201 563 299 612 cipia
336 558 492 598 mediata
516 556 556 595 in
579 555 687 595 acido
712 555 853 594 acetico
881 557 1092 597 combinata
1115 559 1200 598 sunt
1215 587 1231 607 ‚
1257 559 1322 598 de·

199 631 419 676 terminare,
445 635 559 675 atque
583 626 683 665 hunc
711 625 751 664 in
784 626 894 664 finem
930 625 970 664 in
997 638 1166 677 congruo
1202 640 1320 679 appa-

200 710 283 740 ratu
314 699 413 748 7680
441 707 552 746 grana
584 695 736 735 acetatis
772 698 943 745 potassae
964 697 1230 738 combustione
1252 701 1320 743 de-

201 768 438 820 composust,
490 766 634 817 accepit
678 777 768 806 vero
820 765 1010 816 sequentia
1052 769 1237 818 producta
1283 778 1324 808 et

202 842 348 881 educta.

667 919 855 958 Potassam
932 922 1141 970 3892‚994.
1159 925 1236 970 gn

459 991 541 1030 Gas
565 989 710 1028 acidum
737 989 839 1028 carb.
949 991 1157 1040 1473‚564·.

408 1061 488 1101 Gas
515 1061 721 1109 hydrogen.
749 1059 852 1099 carb.
908 1061 1148 1109 1047‚6018.

253 1132 457 1173 Refiduum
482 1144 528 1170 ex
553 1130 655 1170 carb.
684 1130 857 1169 constans
960 1124 1147 1179 78,6000.

405 1201 541 1240 Oleum
597 1228 607 1238 .
661 1227 674 1241 .
729 1227 741 1238 .
797 1228 809 1239 .
935 1203 1146 1246 180‚0000.

404 1273 555 1320 Aquam
595 1298 606 1308 .
664 1298 675 1309 .
732 1297 743 1309 .
798 1295 812 1309 .
935 1281 1147 1319 340‚0000.

914 1376 1150 1424 6982‚1598.
1179 1386 1236 1424 gr.

257 1471 318 1509 Ex
347 1470 429 1506 aere
461 1465 567 1504 simul
601 1464 858 1514 ‘disparuerant
893 1474 1002 1512 29‚1.
1029 1473 1090 1510 gr.
1117 1463 1327 1512 oxygenii,

207 1548 285 1578 tota
312 1538 425 1586 igitur
456 1536 598 1584 Jactura
634 1533 797 1572 excurrit
821 1533 867 1571 ad
897 1534 1093 1581 726,9402
1118 1544 1190 1583 gr,
1218 1545 1327 1582 quam

206 1621 251 1648 ex
288 1619 332 1646 eo
369 1604 518 1655 repetiit
552 1604 824 1652 Higgens‚
866 1604 971 1651 quod
1006 1613 1092 1650 pars
1137 1614 1254 1651 aquae
1290 1612 1329 1642 et

206 1678 279 1719 olei
308 1689 330 1716 a
362 1675 488 1715 fluidis
524 1673 686 1712 elasticis
721 1671 828 1710 fimul
857 1671 901 1710 fit
924 1671 1094 1721 protrusa
1129 1681 1166 1710 et
1191 1672 1326 1712 deinde

207 1751 253 1790 ab
283 1748 356 1787 illis
382 1745 574 1795 deposita,
601 1743 844 1792 quantitatem
876 1754 992 1790 aquae
1018 1742 1092 1780 hoc
1128 1743 1240 1781 modo
1266 1744 1331 1782 de-

207 1820 372 1871 perditae
411 1815 597 1855 existimat
630 1827 704 1862 700
741 1824 825 1861 gr„
866 1821 901 1850 et
941 1812 1014 1850 olei
1057 1814 1228 1861 26,9402
1267 1823 1327 1861 gr.

213 1893 313 1932 Cum
337 1897 459 1929 autem
485 1897 604 1925 acetas
643 1883 810 1934 potassae
848 1881 991 1921 constet
1026 1893 1073 1920 ex
1103 1881 1212 1920 acido
1245 1893 1330 1920 ace·

212 1963 287 2001 tico
317 1970 353 2000 et
385 1957 529 2008 potassa
546 1985 559 2005 ‚
587 1965 623 1994 et
651 1954 775 1993 omnis
804 1953 843 1991 in
871 1952 944 1990 hoc
967 1952 1037 1990 sale
1059 1961 1237 1990 contenta
1259 1963 1332 2000 po·

212 2032 307 2073 tassa
340 2031 532 2070 immutata
558 2025 767 2075 remanserit
791 2023 922 2062 exinde
940 2021 1131 2061 concludit
1147 2049 1162 2073 .,
1183 2020 1330 2063 acidum

213 2102 392 2142 aceticum
424 2097 539 2139 fuisse
567 2095 861 2144 decompofitum
899 2093 938 2131 in
966 2103 1030 2142 gas
1071 2091 1214 2130 acidum
1250 2102 1330 2128 car-

213 2174 422 2219 bonicum,
472 2181 535 2219 gas
576 2165 847 2217 hydrogenium
884 2163 1164 2212 carbonatum,
1195 2160 1328 2223 carbo-

216 2256 326 2293 nem,
378 2243 502 2282 oleum
546 2237 916 2293 empyreumaticum¹
937 2243 973 2274 et
1018 2243 1191 2292 aquarn,-
1235 2240 1331 2288 quae

1250 2312 1331 2340 om-
