1483 2860
173 266 296 315 «186
459 263 1125 313 οοΜΜΕ-ΝΤ-Ατ-Ῑο

220 372 363 422 soluta,
390 373 504 412 nullis
540 373 726 412 limitibus
757 374 1062 424 circumscripta,
1088 373 1239 414 minime
1271 386 1335 414 ve·-

218 455 261 481 ro
295 452 488 491 perpetua.
542 441 672 491 Itaque
708 443 792 481 talis
822 453 928 490 erat,
969 444 1090 492 qualis
1122 444 1333 493 antiquitus

215 512 363 550 Rornae
391 512 563 550 dictatori
584 512 622 550 in
646 523 780 561 magno
797 513 1023 571 reipublicae
1049 514 1218 567 periculo
1246 526 1338 554 con-

215 566 299 620 cedi
343 567 501 620 solebat.
540 572 699 632 Quum
738 582 836 621 enim
872 571 1008 623 bellum
1053 582 1338 646 formidolosum

211 647 399 690 Romanis
435 650 656 700 inferretur,
712 663 792 690 non
833 652 893 692 vir
924 653 1074 703 quidam
1118 643 1339 711 auctoritate

215 721 319 762 forte
353 722 452 770 apud
487 722 672 771 populum
712 724 865 770 valens,
919 711 1102 762 summum
1138 723 1337 774 imperium

214 800 415 844 appetere..
441 790 502 829 sed
523 792 640 830 totius
669 793 802 849 populi
827 791 1000 844 suffragio
1025 793 1071 832 ad
1096 794 1240 832 clavum
1268 791 1342 833 rei-

212 857 386 911 publicae
410 862 609 900 tenendum
636 856 722 910 eligi
755 861 907 902 solebat.
962 863 1087 913 Hujus
1115 872 1220 911 erat,
1235 864 1338 908 dum

208 920 355 970 bellum
383 920 611 980 gerebatur,
650 933 716 979 per
747 934 887 976 certum
930 930 1115 981 quoddam
1155 932 1339 982 temporis

210 996 396 1050 spatium,
412 1002 559 1048 videre,
574 1012 620 1039 ne
635 1000 727 1050 quid
746 986 961 1041 detrimenti
983 1011 1131 1052 caperet
1147 1002 1339 1053 respubli-

212 1056 301 1119 c³a23
321 1071 504 1110 Romanis
535 1071 652 1121 igitur
695 1072 733 1111 in
770 1070 913 1111 lubrica
951 1070 1097 1122 patriae
1124 1073 1340 1113 conditione

210 1139 395 1180 summum
434 1141 633 1190 imperium
674 1142 713 1180 in
752 1154 869 1181 unum
915 1143 1086 1181 conferre
1121 1143 1339 1193 hominem,

212 1195 304 1257 adeo
317 1210 563 1249 necessarium
584 1211 699 1251 visum
718 1212 821 1260 fuit,
851 1222 917 1260 ut,
938 1213 1078 1252 tametsi
1105 1214 1151 1252 de
1175 1214 1344 1263 tyranni-

211 1281 257 1319 de
279 1281 421 1339 semper
442 1291 587 1330 praeter
606 1281 758 1320 modum
782 1281 900 1320 essent
923 1279 1104 1330 solliciti
1117 1284 1336 1324 dictatorem

211 1340 335 1389 creare
353 1361 431 1389 non
464 1351 651 1389 timerent.
707 1350 867 1390 Ordines
900 1353 1026 1392 eadem
1062 1353 1239 1394 sententia
1269 1354 1340 1393 im-

212 1416 321 1472 buti‚
359 1421 398 1459 in
437 1432 572 1470 magno
608 1422 732 1459 reru'm
770 1421 1014 1482 discrimine,
1056 1434 1191 1462 novam
1222 1436 1341 1473 quan-

211 1492 293 1530 dam
319 1500 570 1540 potestatem,
599 1489 787 1530 dictatorii
818 1493 984 1531 muneris
1014 1493 1051 1530 in
1077 1493 1205 1532 multis
1239 1477 1340 1561 haud

210 1557 423 1610 disfi‘milem
442 1590 456 1607 ,
493 1560 789 1606 Gulielmo
840 1563 1074 1621 tribuendam
1124 1565 1203 1604 esse
1250 1575 1338 1603 cen-

208 1630 326 1679 suere.
379 1631 523 1671 Bellum
548 1631 646 1670 enim
672 1631 774 1689 tanta
808 1633 847 1671 vi
877 1629 1062 1688 tantoque
1098 1633 1256 1683 furore,
1292 1635 1339 1675 il-

197 1701 248 1742 -10
274 1704 470 1757 tempore,
496 1703 672 1752 agebatur
688 1731 702 1751 ‚
724 1712 785 1760 v‚ut
822 1713 921 1742 nova
946 1702 1088 1752 semper
1115 1704 1155 1742 in
1183 1663 1337 1754 promtu⁴

209 1758 495 1818 esse⁴deberent
529 1759 680 1812 consilia
712 1757 919 1823 nullusque
962 1774 1200 1813 deliberando
1233 1775 1338 1816 dare-.

208 1839 269 1881 'tur
315 1828 440 1882 locu's.
521 1826 719 1883 Caeterum
758 1844 925 1893 plurium
983 1844 1180 1883 hominum
1218 1834 1333 1884 animi

206 1908 411 1962 numquam
444 1915 561 1964 magis
588 1914 685 1952 inter
709 1913 745 1952 se
783 1914 992 1962 discrepare
1016 1924 1128 1963 atque
1163 1916 1335 1955 vacillare

207 1983 354 2031 solent,
384 1996 494 2032 quam
530 1983 744 2024 imminente
771 1985 940 2033 periculo
967 1993 1005 2022 et
1028 1985 1258 2035 perturbata-
1276 1997 1334 2025 re·

208 2066 290 2092 rum
327 2054 559 2092 conditione.

217 2124 552 2164 ..Gulielmus
593 2124 757 2172 summa,
786 2133 861 2173 qua
891 2125 1083 2174 pollebat,
1110 2125 1334 2165 auctoritate

209 2205 411 2242 numquam
439 2194 574 2233 abusus
610 2204 696 2242 est,
725 2203 838 2243 atque
877 2196 914 2234 in
943 2196 1054 2234 rebus
1090 2196 1214 2245 magni
1252 2188 1337 2235 mo}

209 2260 322 2321 menti
345 2264 484 2316 semper
508 2278 594 2304 cum
619 2265 827 2304 Ordinibus
854 2267 1156 2320 proceribusque
1182 2267 1336 2319 consilia

211 2321 471 2385 {minoem-us„
485 2335 538 2374 rei
564 2336 670 2374 brevi
695 2345 786 2385 post
804 2337 877 2386 jam
906 2338 1114 2386 exemplum
1143 2337 1335 2387 praebuit.-

1249 2407 1332 2445 Re·
