1483 2860
347 202 940 254 Tnssonoo1cm
1144 232 1194 269 w

76 311 172 350 tiana
207 312 304 352 sacra
338 316 628 365 amplectentes,
664 318 702 356 in
733 320 850 369 Papae
879 332 1027 362 manum
1062 333 1100 363 et
1128 335 1190 365 tu-

73 381 181 419 telam
191 383 356 432 venisse3
375 385 585 435 Gregorius
602 415 615 435 ,
632 389 704 428 hoc
720 390 804 439 ipso
830 391 943 431 titulo
959 403 1114 434 ornatus
1129 423 1142 443 ,
1165 407 1187 437 a

72 450 279 491 Guilielmo
305 454 458 503 Angliae
478 468 562 505 rege
583 459 766 498 tributum
792 462 942 510 exegit,
964 464 1073 513 cujus
1099 476 1186 513 pars

69 522 184 561 altera
233 523 405 563 Romano
460 526 663 576 Pontifici,
716 532 828 568 altera
871 543 962 570 vero
1003 532 1188 574 Ecclesiae

69 590 146 629 8¹2e
175 593 316 632 Mariae
339 593 544 635 deferretur
570 599 654 647 (ι),
707 599 787 638 Hac
815 602 1073 649 postulatione
1093 605 1186 645 ami·

65 660 154 701 citia
176 663 310 712 Papam
341 664 437 703 inter
468 675 505 705 et
538 677 691 716 regem,
720 670 786 717 qui
825 671 899 709 huc
939 683 1061 721 usque
1091 684 1184 712 con·

61 731 292 781 junctisfime
313 733 479 774 vixerant
495 764 507 782 ‚
523 736 640 776 statim
666 738 993 790 disrumpebatur3
1023 743 1184 790 Guiliel-

64 812 149 840 mus
183 802 370 852 Gregorio
404 805 633 846 obedientiae
675 808 935 858 jusjurandum
970 811 1179 861 recusavit,

60 879 174 920 atque
201 873 362 919 pristina
385 877 584 915 concordia
607 877 704 916 inter
727 888 931 928 utrumque
957 881 1003 921 ab
1029 883 1101 922 hoc
1121 883 1180 923 in-

60 942 108 980 de
133 949 300 992 ternpore
324 955 515 994 nunquam
541 948 586 986 de
614 948 761 997 integro
782 949 950 989 resarcita
969 951 1043 990 fuit
1062 953 1146 1002 (2).
1171 995 1176 1000 A

70 1045 73 1048 ,
109 1011 244 1060 Longe
265 1020 361 1052 vero?
378 1014 572 1064 superbius
597 1016 792 1065 Hispanos
826 1021 999 1060 tractavit
1026 1022 1177 1073 Grego-

55 1080 162 1129 rius;
189 1083 312 1131 primo
343 1083 438 1122 enim
465 1087 627 1134 papatus
649 1099 772 1136 anno,
799 1089 942 1138 legatos
969 1091 1008 1130 in
1033 1092 1177 1142 Hispa·

54 1150 152 1189 niam
180 1151 297 1199 misit,
325 1153 417 1201 qui,
445 1162 487 1194 ut
512 1155 658 1195 decreta
688 1157 734 1196 ab
762 1159 976 1199 Alexandro
1012 1162 1064 1202 ΙΙ.
1089 1164 1168 1212 jam

51 1221 124 1260 lata
158 1222 204 1260 de
236 1222 359 1261 officio
385 1224 540 1272 gothico
571 1226 624 1264 ibi
651 1227 836 1271 abolendo
861 1229 938 1268 vim
962 1230 1180 1281 haberent,

48 1298 226 1330 curarent·
260 1293 344 1342 (3).
409 1294 558 1333 Scilicet
591 1308 677 1335 cum
714 1297 919 1347 Hispaniae
955 1300 1019 1339 illa
1047 1313 1165 1351 pars,

49 1372 146 1411 quae
174 1371 264 1401 tunc
298 1363 514 1403 Christiana
540 1375 645 1414 erat,
672 1368 798 1416 paullo
828 1377 914 1407 ante
943 1370 991 1408 ad
1025 1371 1167 1413 Muha-

47 1433 233 1472 medanam
264 1433 500 1482 pertinuisset
527 1435 706 1476 ditionem
724 1465 737 1485 ‚
764 1439 864 1486 apud
899 1439 1014 1490 hujus
1043 1443 1167 1493 regio-

45 1503 106 1541 nis
150 1503 392 1542 Christianos
420 1504 581 1543 officium
628 1507 813 1555 quoddam
848 1508 1037 1559 mixtum,
1075 1513 1165 1554 Mo-

43 1573 265 1617 zarabicum
298 1574 466 1621 dictum,
503 1583 627 1613 ortum
659 1585 742 1626 est3
786 1580 913 1627 quod,
944 1589 987 1618 ut
1007 1581 1165 1633 abroga-

42 1651 147 1681 retur
172 1643 362 1693 hujusque
390 1645 476 1682 loco
510 1644 722 1684 Romanum
747 1646 1056 1700 substitueretur,
1084 1652 1162 1702 ipse

43 1711 254 1761 Gregorius
297 1713 344 1752 ad
379 1714 605 1764 Ari-agoniae
640 1728 790 1767 regem,
840 1719 950 1769 cujus
992 1720 1159 1764 futuram

1047 1805 1159 1844 agen.

78 1880 132 1918 (ι)
153 1881 224 1911 Vid.
275 1883 382 1918 Greg
398 1882 480 1912 orii
518 1884 648 1920 epistola
686 1887 724 1915 ad
776 1887 997 1919 Hubertum
1035 1890 1157 1923 subdia·
1184 1880 1186 1883 ¹

39 1942 166 1973 conum,
195 1947 271 1975 quae
308 1947 354 1969 est
381 1940 413 1969 in
442 1941 677 1978 Epistularum,
716 1943 787 1974 Lib.
818 1945 894 1982 vu,
930 1947 1025 1982 epist.
1053 1949 1090 1984 1,
1117 1939 1155 1980 aa

40 1995 237 2024 Guilielmum
253 1997 421 2031 Anglorum
442 1997 578 2033 Regem,
601 1999 672 2029 Lib.
690 2001 715 2030 1.
734 2001 815 2037 epist
847 2010 904 2038 703
925 2005 962 2033 ad
976 2005 1153 2038 Mathildem

37 2051 127 2085 hujus
153 2060 300 2088 uxorem,
321 2052 388 2082 Lib.
413 2054 440 2083 1.
462 2055 553 2089 epist.
573 2065 619 2091 71.

71 2107 127 2144 (2)
147 2109 238 2138 Conf.
256 2109 411 2138 Theine
423 2118 437 2138 r
456 2111 661 2150 Etaflihrung
680 2114 736 2142 der
759 2116 906 2144 Prieseer
922 2117 1151 2160 Rhetostgkett‚

37 2164 80 2194 11.
102 2165 137 2193 B.
159 2166 184 2193 1.
206 2166 317 2201 Abth„
344 2175 410 2202 pag.
428 2176 496 2204 239.
520 2167 605 2204 seqq.
638 2177 669 2198 et
690 2171 858 2200 Bai-onii
877 2174 1039 2212 Annales,
1056 2177 1148 2209 Tem.

36 2219 93 2256 xi,
114 2222 148 2249 ud
167 2229 274 2250 annum
295 2225 387 2258 1080,
407 2232 473 2260 pag.
498 2232 573 2262 719,
595 2227 632 2254 n⁰
656 2228 729 2257 LIX.

74 2278 128 2315 (³)
149 2277 242 2308 conf.
264 2278 354 2314 Pagi
372 2279 402 2308 in
421 2281 603 2317 Bai-onium,
624 2283 713 2314 Tom.
734 2284 794 2321 1v,
813 2293 882 2322 pag.
905 2292 973 2322 253.
1026 2283 1028 2286 ¹

567 2339 606 2378 G
