1560 2860
430 271 818 319 ORATIO.
1129 268 1184 315 75

71 414 185 458 illam
199 413 520 458 Mathematicae
543 412 788 472 disciplinae
799 444 812 460 ,
824 410 1188 463 Astronomiam,

75 491 325 550 adspirabis.
399 489 528 549 Quod
554 490 589 534 si
618 490 714 542 fiat,
746 490 903 546 quanta
936 504 1029 532 cum
1062 487 1191 532 animi

75 569 316 627 voluptate,
363 572 600 612 coelestem
643 566 754 611 iliam
793 569 1107 609 Harmoniam
1149 572 1191 608 et

73 648 131 692 M
135 649 310 689 usicam
336 645 482 691 audire-
511 644 612 690 Tibi
632 643 863 696 videberis,
896 658 921 687 a
949 642 1192 703 Pythagora

78 721 174 766 Tuo
200 721 477 766 celebratam!
541 721 809 779 Quocunque
839 727 977 764 autem
1011 719 1075 764 Te
1102 726 1196 763 stu-

78 798 244 843 diorum
283 799 392 843 ratio
435 799 541 842 serat
553 831 566 853 ‚
627 797 720 844 Deo
733 830 745 851 ,
792 796 1051 841 admirabilis
1089 795 1199 851 illius

77 878 307 921 concentus
337 876 515 922 Auctori
547 884 587 922 et
621 875 911 931 Moderatori,
942 874 1051 922 vires
1077 875 1195 921 Tuas
1223 884 1230 896 ‘

80 954 349 999 consecrabis
381 969 432 999 ac
461 954 588 999 vitam
620 956 812 999 omnem!

82 1106 308 1151 Emsnm
346 1107 558 1152 Onmms
590 1107 887 1151 MATHESEOS
922 1123 983 1151 ΕΤ
1017 1107 1202 1151 PfflLo-

234 1197 446 1227 soPfflAE
479 1183 773 1229 NATURALIS
808 1199 1060 1228 mmcmM.

137 1340 222 1382 Ad
248 1339 567 1390 Quaestionem
593 1339 851 1381 Chemioam
868 1355 883 1379 .·
923 1336 1081 1394 Quales
1105 1350 1207 1380 ace-

83 1415 116 1461 ti
156 1415 376 1459 varietates
421 1415 475 1458 ad
522 1431 643 1459 usum
681 1413 913 1458 chemicum
948 1420 988 1457 et
1017 1426 1208 1457 oecono-

85 1492 238 1536 micum
272 1492 564 1537 adhibentur?
623 1491 781 1549 Qualia
827 1490 1035 1550 principia
1081 1504 1210 1550 pere-

89 1569 207 1628 grina
221 1603 232 1622 ‚
264 1577 433 1629 praeter
463 1569 628 1614 acidum
647 1568 850 1613 aceticum
865 1600 876 1621 ‚
894 1567 1080 1625 singulae
1103 1580 1212 1610 con-

87 1647 250 1690 tinent?
284 1647 512 1704 Quomodo
542 1647 597 1690 ab
624 1645 690 1689 his
722 1644 922 1704 depurari
958 1649 1137 1705 possunt
1170 1648 1211 1686 et

91 1725 256 1769 solent?
272 1731 312 1767 et
340 1738 547 1780 quaenam
573 1722 745 1766 tandem
781 1728 842 1765 est
870 1719 1122 1778 compositio
1140 1718 1212 1779 ip-

89 1802 175 1848 sius
215 1800 325 1844 acidi
351 1799 531 1845 acetici'?
585 1801 805 1844 Facultas
855 1815 991 1841 unam
1035 1799 1214 1852 accepit

89 1880 441 1936 Responsionem
460 1910 471 1931 ‚
504 1881 734 1934 signatam
763 1877 916 1920 verbis
948 1872 1217 1918 Parmentie-

90 1956 168 2000 rii:
202 1956 273 2001 On
303 1955 392 2000 doit
424 1956 535 1999 donc
566 1953 811 1998 considerer
839 1953 876 1996 le
906 1951 1094 2009 vinaigre
1128 1958 1214 1994 etc.

46 2045 52 2054 ·
96 2034 384 2085 Quaestionis
421 2035 607 2089 singula
638 2033 827 2088 capita,
866 2031 1218 2086 probatissimos

98 2111 328 2154 Clzemicos
370 2119 549 2153 secutus
568 2142 581 2162 ‚
639 2111 745 2152 bene
779 2110 988 2165 exposuit
1020 2115 1220 2166 auctor,

97 2189 166 2228 ita
186 2196 236 2229 ut
262 2191 310 2233 in
334 2191 520 2244 integra
554 2189 639 2229 hac
667 2187 1077 2234 dissertatiuncula
1099 2200 1218 2240 pro-

97 2265 265 2307 habilia
297 2266 489 2316 laboris,
535 2267 600 2306 ud
626 2266 782 2307 studia
828 2264 1042 2306 Chemica
1081 2262 1219 2304 adhi-

96 2341 395 2396 biti‚clederit
425 2344 674 2402 specimina
686 2359 706 2393 ;
715 2342 965 2398 proprium
982 2340 1218 2395 judicium

1132 2428 1216 2457 ra-
