1483 2860
382 191 987 231 THEOLOGICA.
1205 194 1252 240 85

131 301 272 341 veniret
290 330 303 349 ‚
332 303 490 351 primum
525 301 675 340 Nicolai
700 301 747 338 ΙΙ.
781 300 924 338 decreta
955 299 1024 348 (1)
1065 300 1109 336 de
1135 300 1250 347 Papa-

125 383 206 410 rum
237 372 441 419 electione,
466 371 566 409 laicis
597 371 806 418 deneganda
824 398 836 416 ,
863 380 898 407 et
926 369 1161 407 confirmavit
1204 378 1240 407 et

122 440 331 478 accuratius
368 440 563 486 definivit,
603 439 737 489 jubens
778 438 992 477 Cardinales
1034 437 1072 474 in
1113 445 1241 485 poste·

122 520 201 546 rum
237 510 369 557 Papam
403 508 615 556 designare,
655 508 811 547 clericos
840 508 1027 555 designato
1053 506 1235 545 assensum

121 579 206 616 dare
230 607 242 625 ,
271 579 454 627 populum
491 578 667 626 adplausu
703 591 788 617 eum
814 579 1059 626 confirmare3
1092 577 1234 626 quibus

122 648 296 686 omnibus
330 648 400 686 rite
424 649 613 696 peractis,
646 650 851 697 Imperator
880 650 1025 686 tandem
1062 649 1107 686 de
1141 649 1235 686 elec-

119 717 222 755 tione
238 718 311 766 J’am
335 716 432 756 facta
457 717 704 758 consulendus
732 718 858 765 foret,
887 729 929 758 ut
952 718 1076 757 omnia
1091 746 1104 766 ‚
1130 719 1233 766 quod

117 787 257 826 addidit
291 788 501 838 Gregorius
518 817 531 836 ‚
570 789 669 827 salvo
696 789 840 826 honore
864 797 900 826 et
923 788 1129 828 reverentia
1142 787 1231 826 huic

117 858 268 906 debita,
303 858 447 897 fierent.
490 859 567 909 Qui
593 870 683 896 vero
725 859 928 898 invaluerat
950 871 1032 897 mos
1049 887 1062 906 ‚
1089 866 1132 897 ut
1158 859 1231 896 Im-

118 938 266 977 perator
297 930 341 968 de
365 930 545 977 Paparum
569 927 752 967 electione
775 928 1229 977 consuleretur‚primum

114 1001 334 1047 neglectus,
365 1010 453 1039 mox
471 1000 578 1047 plane
605 998 643 1036 in
675 998 901 1037 oblivionem
922 998 1014 1036 abiit
1038 998 1122 1047 (2).

165 1068 238 1106 His
297 1070 465 1106 nondum
524 1077 724 1108 contentus
788 1068 1066 1107 Hildebrandus
1119 1077 1230 1106 omne

113 1139 308 1177 vinculum
352 1139 448 1176 inter
488 1139 629 1176 clerum
666 1148 701 1179 et
732 1139 953 1187 Principes,
1010 1137 1227 1185 Episcopos

114 1216 151 1246 et
193 1208 367 1248 dominos
413 1208 669 1257 clientelares,
722 1208 924 1248 Ecclesiam
960 1217 996 1246 et
1018 1208 1130 1247 civile
1160 1207 1227 1244 im·

111 1278 285 1327 perium,
322 1286 386 1319 aut
424 1279 673 1325 solvendum,
712 1287 804 1326 aut,
853 1287 1039 1325 tamquam
1080 1277 1228 1326 gordia-

111 1360 201 1387 num
228 1348 346 1396 illud,
374 1348 608 1388 resec-andum
629 1348 743 1386 duxit
767 1348 865 1398 (3);
894 1349 1024 1396 quod,
1060 1347 1125 1387 etfi
1151 1348 1229 1384 val-

110 1419 156 1457 de
187 1420 370 1465 arduum,
411 1418 538 1467 perfici
577 1427 697 1456 tamen
737 1427 885 1467 poterat
924 1418 1091 1457 tollendo
1142 1419 1226 1468 jure

111 1489 390 1535 Inveniam-ae,
431 1489 533 1535 quod
559 1487 625 1526 fibi
650 1489 895 1536 Imperatores
930 1488 1144 1528 Germanici
1168 1487 1226 1524 in-

108 1558 239 1607 primis
283 1558 535 1597 vindicabant.
606 1558 681 1596 Hic
718 1569 807 1596 vero
839 1559 976 1606 labor,
1016 1559 1090 1596 hoc
1127 1568 1227 1606 opus

113 1637 205 1666 erat.
272 1628 497 1666 Investitura
537 1627 633 1666 enim
676 1640 720 1666 ex
754 1629 911 1677 antiqua
954 1622 1226 1667 consuetudine

113 1705 194 1734 orta
227 1695 374 1744 fuerat,
430 1699 503 1745 qua
542 1697 756 1745 Episcopi,
804 1697 942 1746 quibus
986 1698 1133 1746 praedia
1169 1710 1225 1736 re-

109 1766 202 1817 galia
245 1765 421 1805 concessa
476 1766 648 1815 fuerant,
708 1767 792 1805 fidei
839 1769 1049 1817 juramento
1102 1770 1224 1819 Impe-

1168 1850 1226 1877 ra·

143 1966 199 2004 (ι)
221 1968 302 1997 Haec
321 1969 440 1996 decreta
460 1967 657 1997 inveniuntur
676 1968 706 1996 in
725 1969 927 1998 Harduini
958 1971 1051 1998 Actis
1080 1971 1222 2007 Camil„

109 2026 201 2055 Tom.
225 2026 278 2055 VI.
297 2026 372 2054 Part.
390 2026 414 2054 Ι.
434 2034 502 2060 pag.
529 2028 616 2062 1064.

148 2082 203 2118 (α)
222 2083 312 2112 Conf.
334 2084 528 2118 Venema‚
547 2084 569 2111 1.
590 2092 618 2112 c.
643 2084 735 2112 Tom.
763 2085 799 2112 V.
820 2093 889 2119 pag.
915 2087 992 2122 6073
1014 2088 1038 2115 1.
1059 2095 1088 2115 c.

146 2140 201 2175 (3)
219 2140 312 2168 Conf.
330 2141 595 2174 Heeren,1.c.
615 2149 682 2175 pag.
709 2145 771 2175 634,
796 2142 1006 2178 Gieseler‚
1033 2151 1064 2178 p.
1086 2151 1158 2179 195,
1189 2150 1219 2172 et

107 2196 195 2230 ipfius
224 2197 423 2231 Gregorii
457 2197 555 2232 dicta,
596 2198 831 2235 Epistolarum‚
863 2199 934 2230 Lib.
963 2201 1026 2237 iv,
1061 2202 1156 2237 epist.
1182 2210 1220 2235 25

112 2251 181 2279 Lib.
203 2252 285 2281 vui.
305 2253 395 2288 epist.
416 2263 446 2282 21
460 2273 469 2288 ,
487 2253 575 2286 aliae.
