1560 2860
498 250 883 297 ORATIO.
1183 254 1235 295 11

138 390 224 435 tam
265 388 414 434 anilem
454 388 1066 449 plu1imorum⁴spectrorum‚
1097 389 1240 435 nescio

139 481 341 524 quorum,
388 473 542 511 metum
587 480 636 510 ac
677 467 938 511 formidinem
990 467 1240 526 copulabat,

137 544 222 601 qua
243 542 495 602 putidiorem
520 543 587 587 vix
609 551 678 587 aut
705 558 756 588 ne
780 544 846 589 vix
863 544 1029 600 quidem
1047 544 1242 602 fingendo

138 620 396 664 comminisci
437 620 598 679 possis„
621 644 673 652 -
707 619 792 665 Sed
832 621 1025 665 mavultis
1063 621 1242 666 sortasse

133 696 218 742 vim
265 697 558 751 considerare,
616 711 741 754 quam
795 696 839 740 in
888 697 1242 756 Philosophorum

135 772 412 832 Theologiam
443 774 551 819 vitae
585 788 712 832 genus
747 773 904 818 habeat
931 774 1149 831 studiaque
1172 774 1246 818 in-

134 850 308 910 primis,
339 866 447 908 quae
486 851 607 911 pueri
641 850 862 895 didicerint
891 850 1101 896 admirari.
1175 850 1245 895 Ad

134 927 260 972 binos
297 927 426 985 igitur
462 928 688 981 attendite,
719 928 930 980 omnium⁷
962 927 1244 984 quiunquam

137 1004 332 1058 fuerunt,
376 1004 746 1056 celebratissimos,
791 1007 1053 1060 empyricae
1094 1004 1245 1048 Philo-

136 1078 312 1136 sophiae
346 1086 568 1136 patronos.
657 1078 1029 1124 Aristotelem
1069 1096 1136 1125 me
1176 1080 1247 1125 di-

137 1167 232 1198 cere
272 1153 497 1212 intelligitis
536 1168 587 1198 ac
630 1154 914 1200 Lockium.
1004 1160 1091 1200 Illi
1126 1165 1248 1216 pater

137 1236 228 1274 erat
262 1232 513 1284 Medicus5
582 1233 658 1274 hic
713 1232 934 1276 salutarem
979 1240 1111 1277 artem
1154 1233 1247 1292 ipse

137 1307 371 1352 exercebat.
432 1332 482 1342 -‹
544 1308 684 1366 Quam
734 1309 963 1352 luculenter
1003 1324 1161 1368 porro,
1202 1309 1248 1353 in

134 1384 544 1444 philosophematum
574 1385 626 1430 de
655 1385 828 1430 Summa
850 1386 1009 1430 Natura
1038 1386 1249 1431 discrimi-

134 1475 187 1504 ne
220 1468 260 1505 et
288 1462 550 1516 diversitate,
580 1463 743 1507 diversa
773 1463 958 1506 cernitur
986 1463 1248 1522 ingeniorum

135 1537 435 1582 conformatio!
468 1538 743 1583 Socrates
774 1547 814 1583 et
843 1540 1033 1593 Plato,
1065 1554 1250 1585 consen-

134 1613 261 1658 tiente
310 1615 436 1673 plane
486 1615 649 1658 ratione
672 1647 684 1668 ‚
740 1615 784 1659 in
825 1630 964 1659 rerum
1012 1624 1247 1661 creatarum

133 1691 391 1749 praestantia
435 1698 474 1735 et
510 1691 682 1736 utilitate
723 1692 872 1745 fidem,
906 1692 1125 1737 Conditori
1149 1693 1246 1738 ha·-

134 1767 345 1822 bendam,
374 1768 622 1812 fundabant.
684 1769 838 1813 Verum
867 1759 1247 1827 Sophroni'Sci

134 1844 240 1889 filius
257 1860 304 1889 ea
320 1845 547 1904 praecipue
567 1846 639 1889 hic
660 1843 891 1904 spectanda
906 1846 1110 1900 ducebat,
1123 1863 1246 1905 quae,

133 1921 178 1966 in
217 1922 398 1966 hominis
439 1930 782 1979 caeterorumque
824 1922 1094 1968 animantium
1131 1925 1249 1969 salu·-

135 2005 243 2051 tem,
274 1999 507 2057 prudenter
533 2014 583 2043 ac
611 1999 791 2057 benigne
806 2031 819 2052 ‚
851 2014 876 2043 a
897 2007 1069 2045 naturae
1084 2002 1249 2046 Paren-

135 2081 176 2118 te
205 2076 430 2119 constituta
459 2083 569 2120 sunt.
640 2076 904 2121 Platonis
934 2085 1071 2122 autem
1108 2079 1251 2137 poeti-

139 2163 234 2194 cum
261 2152 394 2210 magis
421 2153 722 2209 sublimiusque
747 2152 959 2211 ingenium
991 2154 1049 2198 ita
1076 2155 1252 2214 potissi-

140 2241 253 2270 mum
286 2230 460 2274 eandem
500 2244 692 2274 caussam
732 2230 910 2289 agebat,
937 2238 984 2275 ut
1021 2232 1074 2275 ad
1111 2233 1254 2278 motus

143 2305 418 2350 constantiam
445 2321 496 2352 ac
519 2306 839 2367 perpetuitatem
864 2306 1114 2367 suspiceret,
1145 2324 1254 2366 quae

1210 2399 1253 2430 m
