1483 2860
348 304 857 347 LITERARIA.
1089 314 1163 354 αις

47 428 213 465 numque
258 416 490 455 auctoritatis
529 417 746 464 valdequam
787 416 980 464 taedebat,
1024 423 1066 453 ut
1093 414 1166 462 qui*

43 485 255 526 absolutum
293 486 488 535 imperium
523 494 726 534 appeteret.
789 487 918 534 Itaque
942 485 1161 535 praecipuas

46 557 164 607 Belgii
202 557 312 596 urbes
359 557 397 595 vi
438 568 567 605 capere
605 557 791 604 decrevit,
824 569 899 604 quo
935 555 1058 593 omnia
1094 553 1161 591 suo'

44 627 199 667 arbitrio
226 637 351 676 gerere
374 626 657 675 ordinibusque
680 628 719 664 in
745 626 921 665 omnibus
948 624 1060 664 rebus
1095 625 1169 662 im<

46 708 175 747 perare
200 696 344 746 posset.

97 767 359 806 Henricus
399 765 512 804 frater
546 777 668 816 nuper
704 766 828 814 Belgis
864 765 1039 804 auxilium
1076 776 1164 813 pro·

49 838 228 885 miserat,
279 837 330 884 fi,
369 837 596 875 Valesio
637 837 765 875 liberis
809 836 941 874 orbato
983 843 1162 882 mortuo,

52 908 218 956 Belgium
247 907 442 946 Gallorum
477 907 634 955 imperio
673 907 851 957 subjicere
880 907 1018 945 vellent
1054 905 1172 943 Ordi··

51 980 134 1017 neS.
188 977 264 1017 Cui
299 976 447 1026 rogatui
483 977 646 1015 Ordines
681 976 924 1025 Philippi
960 975 1165 1014 recentisfi-

50 1050 140 1087 mae'
168 1047 435 1086 dominationis
471 1046 580 1085 etiam
616 1057 795 1084 memores
836 1057 1070 1094 nequaquam
1110 1044 1166 1083 fa-

51 1128 204 1156 verunt.
262 1117 303 1155 Si
334 1117 448 1165 igitur
481 1117 592 1154 urbes
616 1116 735 1164 Belgii
774 1115 1036 1154 munitissimas
1076 1116 1165 1154 dolo

51 1191 293 1237 expugnaret
324 1186 608 1234 Valesius,
658 1186 819 1225 Ordines
865 1186 903 1225 vi
940 1185 1050 1224 facile
1081 1185 1175 1234 cogi

50 1257 160 1309 posse
200 1256 494 1305 arbitrabatur2
533 1256 579 1294 ad
624 1254 751 1294 fratris
788 1264 824 1294 et
880 1254 994 1303 ipsius
1022 1255 1170 1294 manda-

53 1332 91 1367 ta
135 1326 379 1375 exsequenda.
445 1326 615 1372 Verum,
654 1325 824 1374 quamvis
847 1333 969 1363 astute
1001 1336 1060 1363 res
1087 1323 1169 1363 suas

52 1396 475 1447 ageret'Valesius,
513 1394 741 1444 Antverpiae
766 1395 926 1442 aliisque
961 1395 1058 1433 locis
1088 1406 1173 1443 par·

55 1468 124 1506 tim
169 1464 417 1506 Gulielmi
466 1464 688 1512 prudentia,
736 1464 869 1513 partim
916 1463 1055 1502 civium
1099 1462 1177 1502 fin·

57 1537 175 1587 gulari
211 1536 350 1574 virtute
376 1535 543 1583 repulsus
576 1543 632 1572 est
657 1542 692 1572 et
712 1544 844 1583 magno
880 1546 965 1572 cum
993 1533 1176 1572 dedecore

58 1608 97 1645 in
133 1605 295 1645 Galliam
329 1603 459 1653 fugere
486 1613 640 1642 coactus
663 1612 720 1642 est
751 1605 835 1653 (1).

110 1677 234 1716 Tanta
256 1675 409 1725 perfidia
431 1687 451 1713 a
474 1685 577 1713 novo
603 1674 805 1722 imperante
831 1674 938 1712 nullo
969 1674 1082 1712 modo
1109 1685 1173 1712 ex*

58 1748 212 1798 spectari
232 1754 392 1795 poterat.
422 1746 542 1784 Omne
561 1745 738 1793 deinceps
759 1744 926 1793 Belgium
954 1743 1177 1793 hujusmodi*

56 1818 204 1857 facinus
215 1817 445 1865 indignatum
462 1815 559 1863 ‚aV
573 1827 593 1853 a
608 1816 686 1854 les
700 1816 736 1853 ii
763 1815 918 1863 imperio
939 1815 1173 1854 vehementer

58 1889 269 1928 abhorruit.

110 1958 417 1998 Gul-ielmus
448 1964 626 2006 rogatus,
655 1965 696 1995 ut
723 1956 769 1994 de
800 1955 866 1994 hac
899 1967 937 1994 re
961 1954 1172 1996 sententiam

61 2028 174 2085 ferme
189 2057 202 2077 ‚
228 2036 307 2067 tres
327 2027 565 2075 quaestiones
593 2026 844 2077 pertractavit.
874 2026 1038 2065 Primum
1062 2037 1174 2073 quae·

60 2100 190 2147 rebat,
218 2107 383 2137 ratumne
408 2098 502 2137 esset
525 2098 718 2148 Hispanos
745 2097 783 2135 in
809 2096 959 2146 gratiam
980 2096 1175 2145 recipere,

1074 2168 1178 2216 quod

82 2270 154 2315 ,(¹)
175 2271 244 2312 Vid.
267 2271 320 2299 De
351 2269 512 2314 Tussis,
534 2270 594 2304 Op.
616 2270 639 2297 1.
662 2276 731 2305 pag.
763 2277 833 2313 434.
862 2268 907 2305 sq.
929 2282 967 2290 —
998 2261 1176 2307 βοιμῡρ.

65 2335 89 2361 1.
115 2329 198 2358 Libr.
214 2328 307 2366 XVII.
325 2327 382 2357 fol.
401 2335 450 2364 35.
471 2327 516 2362 sq.
555 2346 584 2350 --
608 2326 635 2354 H
648 2333 694 2354 oo
707 2325 758 2360 ft,
782 2327 842 2360 Op.
860 2327 880 2355 Ι.
899 2332 965 2361 pag.
986 2327 1052 2359 838.
1078 2324 1121 2360 sq.
1134 2338 1178 2348 —

66 2385 147 2413 Van
170 2385 275 2411 Mete
288 2390 377 2417 ren,
399 2382 484 2412 Libr.
500 2383 555 2411 1V.
573 2389 640 2416 pag.
664 2384 713 2410 60.
741 2381 786 2416 sq.
