1483 2860
264 272 316 310 62
486 272 1151 314 COMMENTATIO

259 408 292 430 „
319 380 477 429 stinxit,
523 382 701 431 quisquis
739 383 853 431 paulo
892 391 978 422 ante
1010 383 1088 424 duo
1123 383 1205 433 ejus
1241 393 1376 434 genera

259 478 292 499 ,‚
319 451 538 499 constituit,
555 453 725 501 Papalem
751 461 789 491 et
815 453 1093 502 Episcopalem.
1141 453 1376 494 Priorem-il-

258 548 290 568 „
317 522 385 558 lam
404 549 418 568 ‚
447 521 531 570 quia
553 521 778 571 possumus,
805 522 940 562 habere
958 523 1191 572 desinamus,
1218 525 1371 564 aiteram

257 617 291 638 ,‚
319 590 415 628 enim
445 591 600 629 omnino
634 603 712 630 non
748 590 978 642 possumus;
1029 592 1097 633 nifi
1136 601 1180 632 ut
1213 593 1376 643 Episco-

257 688 288 709 „
315 671 387 709 pos
415 661 702 701 exterminemus
735 660 910 710 sedibus,
941 672 1102 711 quorum
1130 663 1208 703 esse
1236 673 1375 703 munus

257 756 290 778 ‚,
316 739 427 768 nemo·
466 731 635 780 ignorat,
681 731 721 770 in
762 733 949 782 cuiusque
979 743 1104 771 mores
1141 740 1179 775 et
1224 733 1397 783 genium*

255 827 287 849 „
315 801 481 850 vitiaque
513 802 715 849 inquirere.
778 803 832 842 Et
881 804 954 841 hoc
999 801 1155 852 ipsum,
1189 802 1379 852 quidquid

256 896 292 919 „
317 879 401 919 est,
427 871 623 919 Inquisitio
649 880 722 911 est.
763 872 902 920 Neque
926 881 1049 911 tamen
1072 872 1134 911 illa
1152 879 1235 921 est,
1264 883 1377 923 quam

254 962 286 987 ,‚
313 939 452 979 nefaria
492 951 587 979 voce
617 934 832 990 perstringit
866 940 1056 992 populus.
1105 942 1253 992 Papalis
1286 942 1379 992 illa,

253 1030 286 1058 ·„
313 1010 376 1050 seu
395 1011 565 1050 Romana
593 1011 668 1052 five
693 1011 929 1061 Hispaniea,
955 1009 1019 1051 seu
1046 1012 1189 1062 quovis
1210 1012 1285 1053 alio
1303 1018 1381 1052 no*

251 1106 287 1129 ‚,
311 1080 412 1120 mine
446 1081 568 1130 dicta,
598 1082 662 1121 illa
688 1091 811 1121 tamen
835 1081 912 1121 sola
944 1081 984 1120 in
1002 1119 1005 1120 γ
1022 1080 1215 1123 fastidium
1245 1082 1378 1132 venit,

248 1175 283 1199 ,‚
311 1160 545 1199 questusque
583 1161 621 1191 et
662 1153 750 1191 odia
785 1153 981 1192 hominum
1010 1164 1130 1203 prope
1162 1151 1201 1192 in
1237 1153 1380 1192 tumula

253 1247 279 1267 ,‚
305 1229 385 1260 tum
416 1221 596 1261 concitat.
620 1242 623 1243 ν
650 1222 755 1274 Quid
789 1222 907 1272 igitur
942 1234 984 1262 ea
1016 1233 1114 1272 opus
1152 1231 1211 1262 est
1233 1222 1376 1271 nobis,

253 1316 280 1337 „
305 1302 417 1337 quam
456 1293 584 1331 multis
615 1293 790 1342 gentibus
827 1294 954 1332 deesse
989 1293 1136 1333 video?
1187 1292 1375 1332 Pristinus

251 1384 285 1407 ‚‚
312 1369 434 1397 rerum
469 1360 584 1397 status
624 1363 816 1408 plerisque
848 1363 1021 1406 Galliae..
1073 1371 1113 1398 et
1154 1358 1377 1399 Germaniae

251 1456 286 1477 „
312 1428 466 1479 populis
492 1428 587 1467 nihil
611 1428 658 1468 ad
678 1427 920 1470 constantiam
940 1427 1081 1467 obfuit.
1147 1427 1248 1467 Satis
1273 1429 1375 1478 erit,

254 1527 279 1549 ,‚
305 1499 622 1548 mea‘sententia‚
658 1498 684 1538 fi
720 1507 891 1547 pastores
925 1508 1050 1537 curam
1084 1496 1300 1547 intendant,
1345 1498 1376 1538 ss

251 1595 285 1617 „
313 1568 482 1618 episcopi
512 1569 676 1607 officium
714 1569 894 1618 impleant
925 1567 1047 1607 suum.
1100 1568 1200 1608 Nam
1224 1572 1262 1608 et
1278 1568 1375 1609 salva

249 1665 283 1686 „
309 1639 407 1687 regis
443 1650 534 1688 pace
553 1668 567 1688 ,
601 1639 771 1688 Papalem
807 1637 922 1678 adimi
956 1636 1066 1688 posse
1100 1636 1153 1677 sat
1191 1639 1372 1690 conjicio.

249 1735 282 1757 ,‚
309 1709 377 1748 Ille
412 1710 511 1748 enim
536 1722 622 1748 cum
649 1710 695 1749 ad
721 1719 759 1751 te
781 1709 957 1749 scriberet
974 1737 988 1759 ,
1015 1709 1109 1748 nihil
1145 1708 1181 1748 se
1205 1721 1252 1750 ex
1275 1718 1378 1750 vete·

248 1805 282 1827 ,‚
310 1791 349 1817 re
373 1791 476 1818 more
503 1789 647 1818 mutare
672 1781 768 1818 veile
810 1780 958 1830 adjecit.
1011 1780 1114 1820 Ante
1151 1779 1377 1820 Lutheri

248 1875 284 1896 9,
310 1857 434 1887 ortum
457 1849 739 1897 Inquifitionem
766 1850 936 1899 Papalem
962 1860 1072 1889 nemo
1099 1859 1272 1889 noverat.
1299 1851 1375 1890 Im-

252 1946 284 1967 „
310 1919 494 1967 peratoria
514 1920 694 1969 Majestas
718 1919 861 1968 primus
880 1918 1054 1968 induxit3
1083 1928 1121 1958 at
1139 1931 1227 1958 cum
1239 1920 1374 1968 otiare-

251 2016 284 2037 „
310 1996 372 2027 tur
393 1989 565 2037 ecclefia‚
581 2001 665 2029 cum
692 1998 885 2039 torperent
910 1990 1110 2040 episcopi,
1137 2002 1224 2029 cum
1249 1989 1373 2030 sorde.

251 2085 286 2107 ‚‚
310 2068 393 2097 rent
419 2059 649 2099 sacerdotum
662 2061 988 2111 mores;breviter
1001 2073 1086 2100 cum
1100 2069 1268 2111 tempora
1290 2061 1373 2100 exi-2

253 2156 285 2177 „
313 2138 456 2177 gerent.
470 2130 613 2168 Nescio
627 2137 750 2169 tamen
766 2159 780 2178 ,
797 2131 976 2170 utiliusne
990 2130 1147 2179 Caesar,
1162 2142 1209 2169 an
1228 2129 1374 2179 perich

252 2226 285 2245 ‚,
312 2199 426 2238 lofius
449 2199 604 2248 fecerit,
627 2201 730 2249 quod
742 2202 840 2249 leges
856 2201 1053 2250 publicas,
1081 2201 1154 2239 hoc
1177 2209 1260 2248 est,
1284 2198 1373 2243 flm-¹

252 2287 288 2316 ·‚‚
314 2270 482 2308 damenta
514 2270 741 2320 reipublicae
763 2271 1008 2310 concusserit.
1036 2270 1188 2310 Interim
1219 2269 1290 2308 alia
1313 2278 1373 2311 est

253 2365 285 2388 ‚‚
313 2340 424 2379 hodie
450 2341 594 2390 imperii
606 2341 718 2381 facies
733 2370 747 2392 ,
773 2343 870 2383 alius
892 2342 1116 2392 dignitatum
1143 2340 1339 2391 adspectus
1359 2368 1375 2389 ‚
1431 2389 1436 2392 .

1222 2437 1248 2460 „
1272 2408 1366 2449 alius
