1483 2860
271 210 319 248 80
496 197 1196 247 COMMENTATI‘O.

257 328 343 356 „rem
382 315 449 355 fibi
478 315 763 361 conciliaverat,
802 315 934 364 populi
973 312 1235 353 acclamatione
1282 313 1380 361 Papa

220 384 224 385 ⁷
262 387 481 436 postulatus
495 414 508 432 ,
533 397 555 423 a
572 384 833 424 Cardinalibus
852 384 1033 422 continuo
1053 385 1192 420 electus
1214 390 1270 420 est
1292 382 1377 431 (1).

269 456 439 505 Supremi
476 454 668 501 muneris,
709 454 813 501 quod
842 454 907 492 diu
940 452 1177 502 concupiisse
1203 452 1378 498 videtur,

267 537 422 574 compos
463 524 610 572 factus,
651 523 892 563 simulationis
919 523 1076 562 artificio
1101 524 1169 561 hac
1190 523 1262 572 jam
1292 520 1380 559 usus

258 603 325 634 :est
355 593 660 643 opportunitateg
690 593 785 631 idem
814 594 911 631 enim
941 593 1031 639 ille,
1060 593 1153 641 qui,
1181 592 1380 631 vehemen-

267 664 361 701 tium
401 664 587 701 turbarum
617 673 773 710 auctor,
802 663 1106 711 praecedentibus
1131 660 1379 700 Pontificibus

260 726 449 773 suaserat,
483 726 702 764 electionem
737 727 936 775 legitimam
973 727 1018 765 ad
1042 725 1159 765 solum
1193 725 1378 773 populum

268 796 344 835 esse
379 796 627 844 referendam,
667 796 745 844 ipse
775 798 870 844 Papa
904 805 1049 834 creatus
1087 797 1186 843 (2),
1220 795 1380 843 Impera-

259 866 360 915 ſstoris
393 865 737 911 confirmationem,
761 874 957 911 antequam
981 864 1256 902 consectaretur
1273 889 1288 909 ,
1319 873 1381 900 ex-

260 935 427 985 spectare
469 935 617 982 voluit,
662 943 831 972 metuens
869 933 1007 971 scilicet
1048 940 1091 971 ut
1138 943 1186 970 ne
1222 930 1380 970 schisma

265 1005 305 1043 in
335 1004 501 1044 Ecclefia
531 1004 690 1042 oriretur
709 1003 809 1052 (3),
835 1002 895 1041 sed
923 1014 964 1040 re
990 1013 1075 1040 vera
1091 1031 1104 1050 ‚
1130 1013 1178 1040 ne
1211 1013 1278 1050 per
1299 1001 1379 1050 ple·

265 1074 325 1112 bis
360 1073 557 1112 factionem
592 1075 690 1121 Papa
724 1072 803 1111 fieri
830 1073 1031 1111 videretur.
1086 1071 1240 1120 Scriplit
1265 1072 1381 1120 igitur

265 1145 541 1185 Hildebrandus
576 1145 620 1182 ad
645 1143 908 1192 Imperatorem
924 1142 960 1180 se
985 1151 1153 1180 coactum
1178 1141 1379 1190 suscepisse

263 1215 554 1261 Pontificatum,
599 1213 660 1251 sed
701 1212 1012 1251 consecrationem
1039 1210 1227 1251 distulisse
1258 1212 1377 1250 donec

265 1284 483 1324 electionem
518 1282 797 1331 comprobasset
823 1283 1052 1331 Imperat0r;
1083 1282 1222 1329 quibus
1254 1281 1377 1320 verbis

267 1355 456 1409 mitigatus
483 1352 668 1392 Henricus
691 1353 762 1390 IV.
787 1363 870 1390 eum
893 1352 1009 1390 statim
1042 1351 1264 1400 approbavit
1290 1351 1378 1400 (4).

264 1427 364 1465 Cum
391 1426 439 1463 ita
464 1423 627 1462 muneris
661 1423 825 1461 obeundi
851 1422 994 1461 veniam
1024 1420 1251 1469 impetrasset
1283 1421 1380 1460 Gre-

264 1495 413 1545 gorius,
440 1502 671 1542 conquestus
703 1500 762 1531 est
793 1493 938 1531 tandem
972 1491 1008 1529 se
1044 1491 1200 1529 invitum
1220 1518 1233 1539 ,
1273 1491 1379 1539 quod

1299 1570 1379 1597 cre-

225 1706 240 1720 o
267 1696 420 1731 Henru'cn',
440 1695 759 1724 Hildebrandum
782 1696 819 1724 fic
844 1693 1015 1730 descripsit:
1040 1693 1195 1722 Protheus
1218 1698 1265 1720 est
1297 1699 1377 1719 mon-

260 1752 396 1788 struosus
418 1753 451 1780 in
476 1750 598 1788 diversis
630 1753 783 1781 vultibus.

305 1809 357 1845 (ι)
378 1808 468 1837 Conf.
484 1808 677 1843 Gregorii
703 1808 799 1843 Epist.
819 1808 887 1838 Lib.
908 1808 932 1837 1.
949 1807 1046 1843 Epist.
1066 1815 1104 1842 33
1125 1805 1372 1842 Planck,1.c.

267 1865 316 1893 IV.
335 1866 371 1893 B.
391 1864 417 1894 1'.
438 1865 521 1899 Ab„
543 1872 611 1900 pag.
630 1872 665 1900 93
685 1866 770 1901 seqq.
802 1865 1001 1901 Theiner,
1022 1866 1044 1895 1.
1067 1873 1095 1894 c.
1116 1865 1155 1894 11.
1178 1865 1212 1893 Β.
1239 1864 1265 1893 1.
1296 1862 1377 1899 Ab..

267 1928 335 1957 pag.
361 1928 423 1956 ¹59·

302 1978 359 2016 (α)
378 1974 469 2006 c'onf.
492 1976 670 2012 villers,
694 1977 784 2012 Essa?
801 1985 861 2007 etc.
885 1985 951 2013 pag.
972 1985 1040 2013 411.

307 2034 360 2071 (3)
382 2035 569 2067 Venema‚
592 2035 678 2063 Hist.
698 2035 834 2070 Ecclefi,
856 2034 947 2065 Tom.
967 2036 1013 2070 V,
1033 2043 1100 2070 pag.
1119 2037 1186 2069 615.

306 2091 359 2127 (4)
383 2091 476 2120 Conf.
503 2091 606 2124 Pagi,
628 2092 752 2118 Crin'ca
779 2093 812 2119 in
832 2092 1019 2127 Barom‘um,
1044 2091 1136 2121 Tom.
1150 2092 1212 2129 IV,
1234 2099 1301 2127 pag.
1321 2099 1377 2130 249

269 2147 330 2178 ΝΟ.
361 2149 415 2178 Vl.
446 2148 503 2177 Hic
525 2150 637 2177 ducem
656 2148 844 2192 secuturest
877 2149 1127 2176 Lambertum
1163 2148 1378 2184 schafnaburg.

270 2190 316 2233 ᾖε
335 2207 422 2233 rebus
441 2207 657 2233 Germanerum
670 2224 680 2240 ,
704 2206 739 2233 ad
758 2189 843 2242 1073.-
862 2206 954 2234 Conf.
984 2204 1150 2240 Planck,
1171 2205 1193 2234 1.
1212 2212 1242 2235 e.
1263 2205 1318 2235 lv.
1337 2207 1374 2237 Β,

271 2262 298 2293 1.
323 2262 379 2292 Ab.
393 2283 403 2297 ‚
423 2269 490 2298 pag.
510 2269 558 2290 ιοι
582 2261 668 2297 seqq·
