1560 2860
1208 279 1266 309 XI

153 383 359 444 praeviis,
390 383 555 428 vacabit
575 384 634 430 H.
660 386 700 429 J.
731 385 1038 430 ROYAARDS
1054 419 1066 440 ,
1098 386 1165 431 die
1191 401 1267 431 ve-

155 462 296 515 neris,
325 461 431 505 hora
466 462 521 506 ΙΙ.

214 540 409 583 critices
439 542 627 583 Veteris
666 556 720 583 ac
759 541 879 584 Novi
905 542 1118 585 Foederis
1149 541 1266 585 initia

153 615 294 662 tradet
333 617 395 661 H.
429 617 673 662 BOUMAN
685 649 697 671 ,
741 616 807 662 die
843 617 1017 672 martis,
1061 618 1168 663 hora
1212 620 1266 664 X.

155 697 282 748 atque
303 691 384 735 alia
417 692 655 738 commoda.

211 769 614 814 Hermeneuticam
650 773 839 814 Veteris
879 773 1096 817 Foede-ris
1135 774 1276 835 tradet

155 852 224 899 et,
254 860 333 905 per
355 851 627 892 selectorum
651 851 833 892 Jesaiae
851 852 1176 894 vaticiniorum
1203 851 1276 895 in-

155 924 497 983 terpretationem
512 957 524 979 ,
544 925 768 970 illustrabit
794 927 856 970 H.
883 927 1127 973 BOUMAN
1139 960 1152 982 ‚
1184 927 1271 972 diea

157 999 239 1044 bus
272 1000 422 1056 lunae,
452 1001 559 1046 iovis
587 1009 628 1046 et
652 1003 843 1057 veneris,
873 1003 981 1048 hora
1007 1005 1060 1050 X.

214 1077 498 1131 Diffi'ciliora
526 1081 896 1136 Euangeliorum
927 1085 1027 1124 loca
1066 1082 1278 1143 interpre-

157 1151 318 1197 tabitur
341 1153 404 1196 H.
435 1153 679 1199 BOUMAN
697 1186 710 1208 ,
755 1155 902 1200 diebus
926 1157 1048 1202 lunae
1090 1164 1131 1203 et
1159 1173 1280 1203 mar-

159 1228 241 1283 tis,
270 1228 379 1273 hora
407 1230 488 1276 IX.

223 1308 519 1363 Theologiam
549 1311 861 1365 dogmaticam
894 1309 1065 1355 docebit
1093 1312 1134 1356 J.
1166 1313 1281 1356 HE·-

160 1384 347 1427 RINGA
367 1415 380 1438 ,
413 1385 464 1428 E.
481 1385 532 1429 F.
564 1384 712 1431 diebus
726 1386 872 1441 lunae,
902 1376 1075 1443 rnartis,
1103 1388 1209 1434 iovis
1239 1397 1280 1435 et

158 1460 345 1515 veneris,
376 1461 483 1506 hora
511 1462 616 1508 XII.

219 1539 603 1582 Collocutionibas
657 1539 710 1584 de
767 1543 1018 1599 Theologia
1057 1548 1285 1601 populari

162 1613 331 1660 vacabit
356 1615 397 1659 J.
417 1615 715 1667 HERINGA,
738 1619 791 1662 E.
821 1619 872 1663 F.
907 1618 973 1663 die
1001 1619 1133 1674 iovis,
1164 1620 1283 1666 horis

164 1697 345 1751 vespert.
377 1706 403 1736 a
423 1693 523 1735 VII.
552 1692 607 1736 ad
632 1692 709 1736 IX.

222 1768 595 1826 Bisquisitionibus
610 1801 623 1822 ,
655 1784 749 1814 cum
786 1772 1122 1831 provectioribus
1159 1775 1285 1820 insti-

166 1846 358 1900 tuendis,
405 1847 674 1905 probationi,
727 1848 813 1893 sive
853 1850 1145 1905 academicae,
1198 1852 1286 1901 sive,

167 1922 470 1969 ecclesiasticae
499 1924 702 1983 praeviiS‚
731 1925 961 1984 singulares
990 1927 1119 1973 horas
1152 1928 1284 1974 desti-

167 2000 288 2045 nabit
310 2002 350 2045 J.
381 2002 682 2056 HERINGA,
711 2004 764 2047 E.
789 2005 840 2048 F.

224 2079 504 2122 Doctrinam
543 2097 723 2124 moram
763 2082 1078 2127 Christianam
1112 2083 1283 2129 docebit

169 2154 232 2199 H.
260 2157 303 2201 J.
334 2157 671 2212 ROYAARDS,
701 2157 850 2205 diebus
873 2160 1022 2214 lunae,
1056 2161 1202 2206 martis
1242 2168 1283 2205 et

173 2233 390 2289 mercurii,
422 2234 528 2279 hora
568 2236 604 2279 Ι.

1151 2406 1285 2452 Prae-
