1560 2860
327 307 375 348 88
677 311 985 351 Annora‘ra
1036 322 1103 350 An

326 419 459 456 tionem
501 427 536 457 ιι
572 418 715 457 modum
753 422 884 458 mentis
929 417 1099 466 infinitae
1137 421 1176 456 νί
1201 431 1246 457 ac
1291 420 1440 457 ratlone

325 487 517 537 designare·
546 498 582 526 et
616 487 744 537 confiat⁷
777 489 943 527 voluisse.
998 490 1046 527 Et
1074 500 1160 526 vero
1188 487 1320 526 diserte
1344 487 1435 526 affir-

326 567 399 596 mat
444 559 788 605 Aristoteles‚
830 558 1002 609 Metaph.
1037 558 1085 596 L.
1127 559 1157 595 Ι.
1198 559 1246 597 C.
1283 569 1330 606 3,
1360 568 1438 596 non

325 627 428 664 aliam
457 637 574 666 rerum
609 639 801 674 caussam,
833 628 905 666 nisi
935 638 1028 674 quae
1054 628 1197 666 materia
1222 637 1433 676 constaret,

325 709 345 736 a
365 698 491 746 primis
525 699 722 746 quaesitam
749 709 829 736 esse
863 698 1063 746 Physicis;
1101 709 1184 735 cum
1210 698 1432 746 posteriores

325 767 498 814 demum,
549 769 591 805 ad
632 777 749 805 return
787 770 1006 806 naturalium
1039 766 1217 815 originem
1249 769 1434 806 declaran-

324 839 433 883 dam,
461 837 671 876 efficientem
702 849 853 886 quoque
889 849 1054 876 caussam
1090 838 1223 886 requiri
1257 837 1429 876 viderint.

322 903 453 954 Quid,
492 907 592 953 quod
630 906 709 954 ipse
745 906 950 952 Cicero,
990 905 1138 944 Acadd.
1180 905 1347 955 Quaestt.
1376 906 1427 944 L.

323 973 392 1013 IV.
420 973 467 1012 C.
500 986 574 1023 37,
602 977 702 1014 nulla
723 986 875 1013 caussae
902 975 1089 1013 efficientis
1125 974 1258 1013 notitia
1284 974 1431 1013 Thaleti

321 1045 486 1091 tributa,
514 1045 727 1091 simpliciter
752 1044 909 1091 dixerit,
934 1047 1010 1095 ipso
1050 1053 1228 1091 auctore,
1255 1057 1302 1082 cx
1324 1044 1430 1095 aqud

317 1122 485 1150 constare
509 1115 655 1153 omnia!
682 1112 839 1152 Videtur
865 1113 1010 1161 quidem
1035 1115 1141 1152 hicce
1157 1114 1432 1162 Philosophus,

322 1182 418 1228 qui,
463 1193 508 1219 ex
543 1184 680 1220 diserto
720 1182 932 1221 testimonio
986 1183 1334 1231 Aristotelis,
1382 1183 1426 1222 dc

320 1250 491 1298 Animd,
521 1251 569 1289 L.
600 1253 630 1290 I.
658 1252 707 1290 C.
737 1263 786 1300 5,
814 1253 935 1290 omnia
963 1253 1124 1291 Deorum
1157 1255 1261 1300 plena
1288 1262 1426 1291 statue-

321 1330 403 1367 ret,
443 1321 480 1358 in
511 1324 608 1368 aqua
642 1322 874 1370 potissimum
917 1322 1087 1361 Divinam
1127 1324 1200 1361 vim
1244 1323 1425 1370 quandam

317 1390 462 1428 insitam
495 1393 670 1440 putaSse3
707 1403 831 1429 verum
863 1393 950 1430 hinc
976 1404 1050 1430 non
1079 1394 1274 1439 sequitur,
1298 1392 1427 1440 cogni-

317 1469 391 1498 tam
417 1461 488 1509 ipsi
516 1462 632 1499 fuisse
667 1463 793 1500 mundi
829 1473 992 1500 caussam
1018 1462 1229 1499 efficientem
1248 1489 1260 1508 ,
1298 1473 1318 1499 a
1354 1472 1429 1499 ma-

319 1531 409 1569 teria
436 1534 612 1580 corporea
639 1533 834 1571 diversam.
870 1533 922 1570 Ita
940 1543 1094 1580 quoque
1127 1531 1430 1569 Tenneman·

314 1611 434 1648 nus,
472 1602 499 1639 l.
527 1613 563 1639 c.
590 1602 642 1640 T.
669 1602 701 1640 Ι.
729 1614 768 1650 p.
801 1603 849 1641 60
891 1614 978 1650 sqq.
1006 1609 1042 1640 et
1075 1601 1427 1647 Meinersius,

313 1668 355 1709 in
388 1670 489 1710 Hist.
527 1670 647 1711 doctr.
677 1670 723 1709 de
756 1683 842 1711 νενο
875 1671 981 1719 Deo,
1021 1673 1062 1710 P.
1090 1672 1139 1709 ΙΙ.
1168 1683 1207 1719 p.
1238 1681 1309 1720 253
1333 1682 1424 1719 sqq.

314 1739 421 1791 Quae
441 1750 560 1780 autem
596 1742 691 1780 dicta
725 1742 770 1780 de
805 1742 918 1780 rebus
949 1741 1094 1780 Divinis
1120 1741 1267 1778 Thaleti
1295 1741 1426 1779 tribuit

311 1808 570 1860 Diogenes
596 1812 860 1860 Lae'rtius,
895 1812 943 1850 L.
972 1811 1003 1849 Ι.
1032 1811 1083 1850 C.
1115 1822 1192 1860 35,
1220 1811 1307 1848 haec
1334 1822 1426 1859 spu·

315 1879 387 1933 riae
413 1881 641 1918 auctoritatis
668 1892 747 1919 esse
764 1908 777 1928 ,
806 1881 1060 1918 existimarunt
1085 1879 1205 1918 idonei
1240 1880 1349 1929 hujus
1372 1878 1423 1916 rei

311 1951 467 1998 Judices.
497 1972 547 1980 —
579 1950 659 1988 Nec
694 1959 776 1997 est,
816 1952 917 1998 quod
953 1952 997 1988 de
1027 1948 1332 1988 Hermotimo
1370 1949 1426 1987 di-

316 2014 393 2058 cam
411 2047 423 2066 ,
452 2031 588 2067 quem,
627 2029 710 2058 ante
740 2021 992 2068 Anaxagoram
1011 2047 1023 2067 ,
1053 2021 1236 2068 puriorem
1264 2021 1308 2058 de
1346 2018 1430 2057 Deo

316 2091 519 2128 doctrinam
567 2091 844 2128 commendasse
883 2098 1016 2138 putant
1058 2090 1242 2129 nonnulli.
1320 2088 1427 2138 Quae

315 2162 409 2198 enim
448 2161 492 2197 de
525 2171 568 2197 eo
604 2169 818 2207 narrantur,
846 2161 933 2197 haec
969 2161 1059 2198 adeo
1080 2169 1166 2198 sunt
1192 2161 1353 2206 incerta,
1383 2166 1447 2214 ut(

314 2229 502 2277 Carus,
533 2230 658 2278 quiin
694 2230 998 2268 Fulleborni
1035 2229 1238 2279 Symbolis,
1276 2229 1321 2268 P.
1357 2228 1428 2267 IX·

320 2312 361 2350 p.
391 2302 436 2348 58
454 2298 540 2348 sqc'l.
566 2309 728 2338 veterum
749 2301 794 2338 de
819 2300 889 2338 hoc
911 2299 1004 2338 Viro
1039 2300 1248 2338 testimonia
1281 2309 1429 2337 accura-

317 2378 355 2408 te
392 2369 541 2418 retulit,
575 2370 657 2420 iure
692 2370 1036 2410 commentationem
1081 2381 1183 2408 suam
1231 2369 1430 2408 inscribere

1337 2447 1428 2486 pos·
