1483 2860
445 187 912 244 nn·AcETo.·
997 185 999 188 ·
1166 192 1231 234 43>-

123 339 133 346 ·
157 315 238 373 Ja'm
270 310 444 357 enartssttis
474 300 682 359 'principiis
703 298 936 352 peregrin15‚
964 296 1068 345 quae?
1087 295 1126 333 in
1151 293 1231 332 fin-·

112 387 228 445 gulis·
252 381 350 428 aceti·
380 378 622 422 varietatibus
661 372 818 418 adsunt,
872 367 979 405 etiam
1005 366 1119 414 hujus
1150 362 1228 402 loci

113 463 191 502 esse
236 458 441 500 duximUS,
467 457 676 488 enumerare
706 438 889 492 principia
920 447 1013 484 quae
1048 435 1087 472 in
1125 443 1230 473 aceto

111 525 390 573 adulterationis
423 514 528 560 causa
560 514 759 564 aliquando
791 507 1047 548 inveniuntur.
1076 499 1088 532 ἶ
1112 504 1234 542 Adul-

114 610 253 641 teratur
286 604 408 635 autem
434 589 586 630 diverfis
622 583 745 624 modis
782 588 953 624 acetum,
987 583 1024 613 et
1055 573 1231 622 quidem:

171 670 227 711 1⁰.
256 667 388 707 Acidis
413 659 639 712 quibusdam
664 651 902 693 mineralibus
919 676 932 695 ,
948 646 1006 685 uti
1029 644 1136 683 acido
1160 642 1240 681 sul-

119 741 279 793 phurico
297 766 310 786 ‚
336 735 503 779 nimico,
530 724 821 779 hydrochlorico
846 719 1020 766 aliisque.
1063 714 1105 753 Si
1131 713 1238 752 acido

119 807 337 861 sulphurico
361 806 605 844 adulteratum
629 797 696 843 fit,
711 793 885 833 facillime
909 787 1013 826 fraus
1031 785 1215 834 detegitur
1225 786 1246 834 ,‘

123 879 334 922 carbonatis
359 873 471 913 calcis
498 866 686 920 purissimi
713 875 811 913 ope,
850 858 1050 899 sufficiente
1084 856 1130 895 acl
1166 855 1242 893 aci-

124 955 257 991 dorum
290 945 550 988 saturationem
586 937 791 987 quantitate
818 929 948 970 additi.
1003 926 1116 965 Tunc
1145 924 1244 962 enim

126 1023 301 1067 oriuntur
330 1025 452 1056 acetas
483 1011 594 1051 calcis
617 1005 786 1047 solubilis
820 1011 856 1041 et
878 1000 1028 1049 sulphas
1055 995 1167 1035 calcis
1193 993 1251 1033 fe-

129 1099 169 1133 re
202 1089 428 1131 insolubilis.
484 1084 684 1131 Separetur
718 1077 792 1115 hoc
828 1072 999 1112 ultimum
1031 1066 1107 1116 sal,
1148 1065 1254 1114 quod

131 1176 170 1203 re
194 1174 281 1202 vera
305 1158 382 1198 esse
407 1156 613 1204 sulphatem
639 1147 749 1187 calcis
771 1157 820 1184 ex
846 1155 890 1182 eo
919 1141 1121 1190 probatur,
1149 1135 1255 1185 quod

130 1234 269 1274 scilicet
302 1231 343 1269 in
384 1238 479 1276 aqua
513 1221 698 1263 destillata
726 1215 926 1255 ebulliente
964 1210 1127 1248 solutum
1167 1217 1256 1244 cum

131 1302 422 1353 hydrochlorate
464 1295 615 1342 barytae
663 1287 835 1327 exhibeat
880 1280 1165 1332 praecipitatum
1215 1276 1257 1314 in

136 1385 232 1422 aqua
265 1379 302 1408 et
326 1368 433 1406 acido
459 1363 596 1402 nitrico
622 1356 820 1397 insolubile
852 1355 911 1403 1).
961 1351 1002 1390 Si
1029 1358 1151 1387 autem
1185 1345 1260 1384 aci-

137 1446 226 1483 dum
254 1439 432 1479 uitricum
467 1434 512 1472 ad
543 1428 820 1470 adulterandum
856 1431 1000 1461 acetum
1034 1418 1128 1457 esset
1158 1416 1260 1455 addi-

138 1516 242 1560 tum,
269 1519 360 1548 tunc
386 1504 550 1544 admixto
574 1507 714 1539 acetate
736 1497 888 1544 barytae
909 1493 969 1531 vel
987 1499 1126 1529 acetate
1138 1489 1262 1537 plum-

140 1584 209 1630 bi,
249 1580 394 1618 nullum
428 1574 589 1612 oriretur
629 1564 944 1618 praecipitatum,
986 1560 1013 1599 fi
1051 1560 1150 1598 enim
1187 1566 1267 1596 non

141 1649 318 1693 adfuisset
350 1646 496 1685 acidum
532 1639 705 1679 nitricum
746 1642 847 1673 certe
876 1640 1001 1671 ortum
1035 1628 1129 1667 esset
1154 1638 1267 1675 prae-

143 1723 337 1773 cipitatum
368 1714 515 1755 tartaris
550 1708 697 1760 plumbi
721 1706 782 1744 vel
807 1705 959 1752 barytae
986 1701 1047 1748 ε).
1103 1697 1268 1736 Acidum

148 1785 486 1844 hydrochloricum‘
496 1813 509 1832 ,
527 1783 567 1820 in
579 1788 683 1819 aceto
698 1775 870 1826 praesens
885 1802 897 1821 ,
910 1771 1095 1819 detegitur
1119 1767 1269 1817 quando

149 1863 223 1902 tale
259 1868 428 1904 acetum,
455 1854 616 1903 primum
646 1849 722 1887 leni
758 1846 873 1885 calori
908 1841 1109 1892 exponitur
1143 1838 1183 1876 in
1215 1842 1275 1875 re-

153 1942 254 1973 totta
274 1929 336 1969 cui
358 1926 572 1975 excipulum
595 1919 804 1970 appofitum
824 1923 908 1962 est,
930 1923 1046 1960 aquae
1071 1909 1274 1949 destinatae

153 2001 288 2044 tertam
325 1998 564 2049 quantitatem
607 1990 822 2030 continens.
875 1984 1030 2032 Liquor
1059 1980 1125 2029 qui
1156 1987 1279 2017 trans-

153 2075 236 2115 ierit
257 2082 372 2122 porro
405 2080 489 2107 cum
512 2063 662 2105 nitratis
690 2058 835 2110 argenti
859 2055 1044 2095 solutione
1067 2057 1273 2097 tractetur,

1196 2129 1273 2168 quo

205 2232 239 2268 1)
254 2229 302 2258 Μ.
325 2227 352 2256 Ο
362 2224 478 2258 trita,
499 2217 653 2258 leeonsde
663 2213 823 2245 medecine
839 2212 940 2247 legale
950 2229 960 2246 ,
970 2208 1061 2238 Tom.
1072 2206 1116 2235 11.
1129 2211 1195 2241 pag.
1203 2204 1275 2241 484.

204 2289 240 2325 α)
259 2284 467 2316 Vo'smaer,
488 2276 680 2314 Apothekers
699 2269 960 2305 Woordenboek,
977 2267 1066 2296 Tom.
1087 2265 1112 2294 1.
1130 2270 1198 2299 pag.
1208 2263 1274 2296 238.
