1483 2860
387 253 897 297 LtTERAkrm
1153 259 1227 298 w,

83 395 116 420 „
141 374 203 407 tot
230 367 382 407 divitiae
407 365 490 404 istis
521 363 740 404 hominibus
773 374 793 402 e
827 359 1050 400 scholastico
1084 357 1206 407 squal-

82 466 115 488 ,‚
141 440 221 477 lore
257 438 297 476 in
331 437 533 476 concilium
573 435 701 474 accitis
719 462 734 482 ,
785 432 813 471 fi
857 431 1075 470 muneribus
1111 428 1208 467 nihil

79 536 117 557 „
143 509 405 547 concederent.
460 507 609 545 Scimus
625 533 638 553 ,
668 515 745 553 quo
760 504 941 543 conducti
964 502 1049 540 sunt
1071 500 1209 548 stipen-

81 606 114 628 ,‚
141 579 232 627 dio,
257 589 326 616 nec
364 578 458 616 illud
493 588 558 625 par
597 574 702 623 esse,
733 576 835 623 quod
860 574 992 612 luxum
1027 581 1066 610 et
1100 582 1212 620 pom·

87 676 120 698 „
146 660 256 697 pam,
299 655 337 686 et
373 656 449 685 tam
488 646 644 684 infames
695 645 866 693 sumptus
911 643 1061 681 toleret.
1123 639 1213 679 Uti-

83 745 116 767 „
142 728 226 755 nam
259 724 333 755 tam
363 716 531 754 modeste
559 722 784 763 peccarent,
825 719 868 750 ut
915 710 1040 759 negari
1073 708 1213 758 flagitia

81 815 116 837 ,‚
142 787 311 840 possent.
364 787 481 826 Nunc
510 785 537 825 fi
568 785 714 834 populo
748 782 935 821 credimus
953 810 966 829 ,
994 791 1072 819 non
1105 779 1213 817 aliter

80 884 120 905 -„
143 857 311 905 rectius,
367 868 479 904 quam
515 867 607 894 auro
644 863 860 902 tentantur,
902 863 972 891 nec
1008 851 1216 899 quidquam

83 955 118 976 „
145 936 222 965 tam
260 926 383 965 sancte
416 926 640 975 indulgent,
667 933 712 964 ut
736 935 815 963 non
841 922 1053 972 accipiant,
1080 920 1143 959 sed
1170 927 1216 959 ut

80 1025 118 1046 ‚‚
144 997 360 1047 promiscue
390 1008 520 1035 omnes
561 995 735 1034 avaritiae
765 1004 844 1033 non
879 992 1112 1040 infimulem3
1155 1001 1216 1028 ac-

86 1060 1233 1116 ,,ευί“ειι·εεπωῑῐιὶηει,ἰηνὶᾱὶειῐῐι,ίὶωιῌῖ3ω5μ)είὶιῑῐι,μ

88 1163 122 1185 „
152 1145 192 1174 et
220 1136 359 1185 privati
399 1136 476 1173 odii
505 1135 674 1174 stimulos
693 1163 707 1182 ,
748 1135 890 1184 quibus
915 1132 1132 1173 adversandi
1171 1131 1220 1169 li-

89 1233 122 1254 „
150 1206 279 1244 bidine
315 1206 476 1244 invicem
499 1206 536 1244 se
560 1206 772 1253 lacessunt,
802 1214 839 1243 et
875 1204 1094 1243 miserorum
1122 1203 1220 1240 cala-

88 1302 122 1324 „
150 1275 347 1314 mitatibus
393 1275 549 1325 injuriae
585 1275 672 1314 suae
727 1275 851 1314 litant,
931 1274 1033 1325 Quis
1081 1272 1221 1321 probet

92 1373 125 1397 „
153 1346 454 1394 intempestivam
504 1346 715 1384 cancellarii
767 1344 987 1384 Brabantiae
1045 1342 1238 1393 jurgandi⁴

86 1443 125 1465 -„
153 1415 368 1463 licentiam,
421 1424 461 1454 et·
510 1417 673 1454 exerceri
712 1415 840 1455 solitas
895 1427 984 1455 cum
1034 1414 1218 1453 Masio

94 1512 127 1532 „
153 1483 452 1522 contentiones?
504 1485 677 1524 Dicerem
721 1495 920 1536 erupturas
957 1486 998 1524 in
1031 1485 1237 1535 publicam*

91 1581 123 1602 ,‚
149 1554 382 1602 perniciem,
418 1553 487 1594 nifi
533 1556 617 1603 quis
645 1558 836 1606 crederet,
873 1569 894 1596 a
928 1569 988 1595 me
1021 1555 1224 1605 malignius

89 1651 123 1672 „
149 1624 324 1672 prolata,
361 1625 407 1663 ad
437 1626 673 1665 conflandam
705 1627 898 1667 invidiam.
962 1627 1117 1666 Interim
1154 1625 1225 1663 sci-

91 1721 125 1742 „
153 1705 237 1732 mus
271 1706 381 1742 quam
423 1696 573 1734 turbida
602 1696 674 1735 fint
707 1696 861 1736 consilia
896 1708 1052 1744 eorum,
1081 1696 1223 1745 quibus

91 1791 126 1813 „
153 1763 311 1802 affectus
345 1765 477 1822 officit.
530 1767 624 1804 Non
649 1775 706 1805 est
729 1767 845 1815 igitur
860 1796 873 1815 ‚
902 1768 1007 1816 quod
1032 1767 1071 1805 in
1092 1766 1226 1805 discri-

96 1861 129 1883 ,‚
155 1845 242 1873 men
276 1844 415 1874 vocent
455 1837 707 1875 innocentiam
743 1839 942 1876 Procerum
961 1866 974 1885 ,
1017 1837 1120 1886 quasi
1143 1836 1227 1888 ¹sci-

93 1932 128 1956 ,‚
153 1905 242 1944 licet
277 1906 573 1955 gubernatores,
607 1909 653 1946 ad
688 1907 839 1946 infamis
865 1908 1053 1957 cujusque
1078 1907 1224 1946 lictoris

95 2003 129 2025 ,‚
154 1976 349 2015 libidinem
393 1977 582 2016 centurias
630 1979 794 2017 militum
834 1978 1115 2017 subministrare
1162 1978 1227 2016 de-

95 2070 129 2092 „
157 2044 283 2084 beant.
338 2047 483 2085 Ponant
503 2048 557 2085 illi
582 2048 780 2087 Senatores
804 2049 958 2087 modum
981 2049 1107 2087 animo
1129 2048 1196 2087 suo
1211 2076 1228 2096 ,

97 2141 130 2163 ,‚
155 2124 203 2152 ne
233 2123 306 2154 tam
337 2117 450 2165 proni
488 2117 559 2156 sint
589 2120 636 2157 ad
661 2119 943 2169 indulgentias,
972 2131 1066 2168 quas
1094 2130 1180 2157 cum
1206 2130 1229 2157 a

101 2184 274 2233 „mffiss
312 2197 391 2225 mm
429 2188 711 2236 mmfflmwfflm
749 2190 1229 2240 oessiniffiacmmstae

103 2280 136 2303 „
164 2254 247 2313 tim*
282 2257 482 2296 redimunt.
558 2260 645 2298 Hoc
688 2270 775 2308 est,
814 2263 919 2310 quod
960 2262 1228 2311 rempublicam

100 2348 135 2372 „
163 2320 335 2364 funditus
368 2327 497 2366 trahit.
550 2328 676 2368 Nemo
703 2330 749 2369 ad
775 2332 995 2371 remittenda
1024 2331 1155 2371 scelera
1176 2330 1233 2370 fa-

1122 2428 1154 2450 „
1180 2400 1234 2439 ci·
