1483 2860
242 244 316 270 200
473 228 1153 268 COMMENTATIO

236 337 424 387 regiminis
459 337 578 376 forma
615 338 830 376 sententiam
858 337 956 375 suam
983 339 1173 387 copiofius
1204 339 1364 387 explica·

240 418 312 447 ret.
360 409 476 458 Quod
497 410 542 446 ad
565 410 668 456 prius
702 408 795 445 illud
818 411 948 446 attinet
976 409 1013 446 G
1030 409 1081 445 ul
1098 407 1109 444 i
1126 408 1170 444 el
1188 420 1221 445 rn
1236 419 1291 445 us
1317 408 1365 446 fic

240 477 508 524 existimabat,
535 489 662 525 pacem
693 477 739 515 iis
767 485 911 515 tanturn
934 478 1244 523 conditionibus,
1272 489 1367 524 quae

242 548 424 587 Coloniae
451 546 684 595 Agrippinae
705 547 749 584 ab
783 546 989 584 Ordinibus
1010 546 1222 596 propofitae
1241 556 1342 584 erant
1357 574 1370 594 ‚

242 616 495 666 accipiendam
532 615 623 655 esse.
701 616 936 665 Quamquam
977 618 1073 655 enin]
1118 616 1179 655 sua
1216 617 1372 655 maxime

243 699 370 736 pacem
400 687 480 725 fieri
520 685 739 733 interesset,
780 698 857 724 earn
896 695 1017 724 tamen
1056 687 1236 734 nolebat,
1265 685 1291 725 fi
1325 687 1372 724 ad

240 756 380 806 patriae
409 756 563 795 exitium
592 757 771 794 tenderet.
826 756 972 794 Deinde
1016 757 1206 803 Ordines,
1252 767 1370 803 quan-

244 837 322 866 tum
351 827 529 875 possent,
558 826 736 874 pecuniae
771 825 944 873 publicae
971 838 1094 863 curam
1125 837 1229 873 agere
1262 827 1371 864 debe-

244 909 283 934 re
308 895 480 942 censuit,
522 895 610 942 quia
650 895 810 932 militurn
840 895 1024 940 lascivia,
1063 895 1250 943 stipendiis
1293 906 1371 934 non

244 965 403 1012 solutis,
444 965 606 1002 coerceri
644 963 798 1002 omnino
837 976 913 1002 non
954 974 1114 1012 poterat.
1171 966 1286 1003 Porro
1327 966 1372 1003 de

248 1036 407 1073 Vales
425 1035 473 1073 io
507 1036 556 1073 ita
583 1034 789 1074 sentiebat:
821 1046 864 1072 eo
888 1046 962 1072 rein
983 1036 1055 1084 jam
1082 1035 1295 1082 perductam
1318 1046 1376 1072 es·

247 1104 310 1152 se,
353 1115 394 1143 ut
433 1106 533 1143 nulla
567 1105 636 1143 alia
671 1104 856 1153 superesse
895 1105 1082 1143 videretur
1125 1105 1249 1142 salutis
1285 1105 1374 1152 via,

246 1175 313 1215 nifi
350 1177 462 1226 hujus
505 1175 643 1215 auxilio
680 1174 884 1213 servaretur
925 1174 1149 1222 respublica.
1203 1175 1288 1224 Qua
1327 1175 1373 1212 de

247 1259 287 1286 re
316 1255 438 1285 tamen
487 1248 536 1291 ita
575 1245 874 1283 constituendum
912 1254 1014 1292 erat,
1058 1254 1100 1283 ut
1131 1244 1215 1282 satis
1248 1244 1374 1282 efficax

247 1315 442 1357 afferretur
491 1315 668 1353 auxilium
708 1324 822 1362 atque
862 1314 991 1363 religio
1043 1325 1078 1352 et
1121 1323 1258 1362 patriae
1291 1315 1374 1363 jura

246 1385 341 1424 salva
371 1386 623 1424 redderentur.
679 1385 851 1432 Denique
882 1385 927 1422 de
953 1384 1140 1432 regiminis
1167 1384 1284 1422 forma
1319 1384 1375 1422 di-

245 1468 363 1504 cenS,
390 1457 626 1495 vehementer
662 1455 964 1502 conquerebatur
1000 1455 1264 1491 nonnullorum
1299 1464 1374 1490 ma-

246 1526 391 1572 litiam,
422 1526 487 1574 qui
514 1526 632 1575 probe
659 1525 805 1562 conscii
832 1525 997 1562 omnium
1026 1526 1203 1562 malorum
1234 1533 1269 1561 et
1294 1532 1373 1560 tur-

248 1597 377 1635 barum
397 1597 536 1636 causam
565 1596 602 1635 in
629 1596 804 1644 pecuniae
818 1604 853 1633 et
880 1595 1111 1632 obedientiae
1134 1592 1282 1632 defectu
1298 1605 1368 1641 po·

248 1668 350 1708 fitam
391 1666 495 1714 esse,
539 1666 606 1705 fibi
643 1678 770 1704 omnes
801 1666 998 1704 seditiones
1027 1665 1246 1702 tribuerent.
1299 1663 1375 1700 Bo·

248 1749 296 1778 na
331 1737 394 1777 sua
418 1738 540 1777 omnia
566 1739 704 1786 patriae
738 1737 844 1774 saluti
869 1737 1170 1779 condonaverat,
1197 1744 1369 1781 magnum

246 1819 308 1847 aes
330 1807 483 1845 alienam
514 1817 746 1844 contraxerat
766 1836 778 1853 ‚
806 1806 921 1844 filiuni
960 1804 1201 1863 captivitate,
1240 1802 1373 1841 fratres

248 1886 370 1917 morte
391 1876 570 1916 amiserat.
623 1877 746 1926 CuJus
773 1876 846 1921 rei,
876 1887 960 1914 cum
988 1884 1059 1912 tam
1088 1886 1214 1922 parum
1238 1872 1375 1922 gratiae

247 1947 350 1998 apud
383 1946 486 1985 cives
522 1946 744 1984 consecutus
773 1945 892 1992 esset,
919 1947 991 1994 jain
1026 1953 1131 1982 antea
1155 1942 1375 1981 muneribus

246 2017 323 2057 suis
358 2018 393 2056 se
433 2016 664 2063 abdicasset,
707 2015 775 2053 nifi
813 2016 884 2053 Dei
930 2016 1107 2052 honorem
1158 2013 1373 2061 patriaeque

248 2088 399 2127 salutem
426 2086 494 2125 fibi
529 2086 669 2135 semper
704 2094 789 2123 ante
822 2087 953 2123 oculos
989 2084 1168 2133 posuisset
1210 2092 1247 2122 et
1283 2093 1375 2122 con·

248 2159 435 2198 tumeliam
465 2157 532 2196 fibi
552 2156 686 2195 illatam
718 2155 860 2193 oblitus
884 2154 1030 2192 fuisset.
1086 2152 1228 2202 Quodfi
1255 2152 1369 2191 alium

247 2229 285 2269 in
321 2229 400 2277 ejus
427 2229 551 2265 locum
588 2226 724 2276 eligere
760 2226 924 2272 vellent,
964 2225 999 2263 se
1025 2235 1177 2262 munere
1216 2223 1281 2261 suo
1318 2224 1377 2260 lu-

248 2299 378 2337 benter
406 2295 591 2337 abiturum
619 2295 1068 2346 profitebatur3s11ninus
1085 2324 1096 2342 ,
1129 2292 1245 2342 ipsum
1269 2292 1375 2337 aucli-

1259 2371 1371 2411 rent,
