1483 2860
337 293 881 333 'LITERAR1A.
1108 308 1179 344 213

59 399 134 442 mi'
158 401 268 439 vitam
306 404 508 448 enarravit,
538 404 649 451 hujus
690 404 740 440 rei
779 404 955 441 rationem
992 404 1182 451 explorare

58 483 142 510 non
167 473 292 510 valens
308 501 320 519 ‚
348 473 856 520 integerrimumhominem.
884 474 944 511 sua
960 472 1072 525 ipfius
1083 485 1186 512 com-

57 544 171 580 ·moda
207 542 342 590 patriae
364 541 467 579 saluti
493 541 741 590 anteposuisse
769 552 881 590 atque
903 543 969 580 hae
999 543 1059 580 via
1085 542 1182 581 sum·

60 623 160 661 mum
177 611 405 656 {iollandiaffi
424 613 641 650 Zeelandiae
652 621 688 649 et
701 612 861 661 Trajecti
878 613 1072 660 imperium
1089 614 1186 662 peti-

60 681 284 730 visseputat.
304 681 356 720 ssi
371 694 497 719 verum
513 682 633 728 esset,
650 683 689 720 G
705 683 778 720 uli
794 684 881 720 elm
897 695 921 720 u
938 695 972 720 m
1002 683 1185 721 Vavlesii

61 751 255 800 imperium
275 752 394 801 Belgis
422 751 616 790 exitiosum
642 751 808 790 futurum
837 751 1058 800 praevidisse
1083 765 1186 790 eum-

58 831 132 868 que
164 823 367 860 tamenad
393 830 536 860 tantum
575 823 754 860 honorem
791 821 1028 870 perduxisse,
1068 832 1108 860 ut
1141 822 1186 860 sl·

61 891 176 929 bimet
213 903 377 940 magnam
412 892 614 940 potentiam
656 901 917 940 compararet,
959 892 1061 930 omni
1099 905 1187 940 pro-

60 959 162 999 fecto
183 962 303 999 laudis
332 964 530 1010 praeconio
557 963 732 1013 indignus
762 962 853 1000 esset
881 963 1071 1000 habendus
1088 991 1101 1008 ‚
1119 962 1185 1010 qui

61 1030 97 1069 se
128 1032 265 1080 patriae
291 1031 488 1078 aliquando
517 1033 660 1069 hostem
688 1031 927 1069 ostendisset.
985 1032 1187 1081 Quaprop-

19 1124 21 1126 -
64 1109 120 1138 ter
150 1112 280 1148 operae
315 1102 471 1149 pretium
503 1102 596 1147 erit,
622 1103 712 1139 hanc
743 1102 859 1138 labem
879 1129 891 1146 .‚
921 1101 1065 1150 optimo
1103 1101 1185 1139 viro

59 1169 289 1218 adspersam,
319 1171 457 1208 diluere
483 1181 548 1217 et,
577 1180 754 1217 quantum
784 1182 911 1208 nostra
940 1169 1092 1208 infantia
1124 1183 1187 1210 va-

60 1237 162 1287 leat,
176 1240 336 1277 rationes
360 1252 452 1288 quas
468 1240 532 1278 fibi
552 1241 617 1277 hac
647 1241 683 1277 in
704 1252 742 1277 re
757 1240 951 1288 proposuit
974 1240 1158 1289 indagare.

117 1309 354 1357 Philippi
391 1310 486 1358 regis
523 1310 715 1358 imperium
741 1311 1009 1360 abrogarejam
1046 1312 1109 1349 diu
1147 1311 1185 1348 in

63 1380 186 1419 animo
214 1380 390 1418 habuerat
421 1381 459 1417 G
478 1380 657 1417 ulielm
674 1392 740 1417 us-
797 1381 868 1417 Sed
894 1380 987 1418 idem
1009 1380 1068 1418 ille
1088 1382 1187 1420 clare

64 1448 277 1499 perspexit,
307 1450 473 1497 Belgium
499 1450 690 1487 continuis
719 1449 829 1489 bellis
860 1459 1004 1498 praeter
1030 1452 1182 1491 modum

64 1519 345 1568 perturbatum,
378 1521 449 1557 alio
474 1503 646 1568 Principe
671 1521 728 1557 vel
756 1521 906 1558 maxime
943 1533 1040 1570 opus
1072 1523 1187 1561 habe-

64 1601 132 1636 re,
175 1590 241 1636 qui
275 1590 536 1636 rempubiicam
583 1590 675 1627 bene
711 1589 934 1628 constituere
967 1601 1003 1629 et
1037 1593 1184 1631 aliunde

65 1658 236 1696 adversus
273 1660 416 1696 hostem
462 1659 640 1696 auxilium
673 1660 852 1697 arcessere
893 1661 1030 1708 posset.
1100 1664 1189 1701 Va÷

64 1729 239 1767 lesius
279 1728 422 1776 saepius
449 1731 522 1778 jam
563 1728 597 1767 se
634 1731 679 1766 ad
713 1741 819 1778 opem
860 1729 1044 1769 ferendam
1083 1744 1186 1780 para-

63 1805 144 1837 tu'm
174 1800 385 1836 ostenderat
412 1800 680 1847 Belgarumque
710 1800 904 1848 imperium
931 1801 1092 1849 impense
1120 1815 1184 1850 ap·

63 1869 258 1918 petiverat.
312 1869 500 1906 Praeterea
524 1869 560 1906 H
577 1881 631 1907 en
649 1870 743 1907 rici
759 1899 771 1915 ‚
801 1870 943 1908 Galliae
963 1873 1087 1919 regis,
1111 1872 1184 1910 fra-

62 1949 118 1978 ter
152 1948 227 1977 erat
260 1948 295 1976 et
327 1939 682 1977 Elisabetham
715 1952 865 1977 uxorem
892 1942 1025 1978 ducere
1051 1944 1180 1980 molie-

62 2011 185 2049 batur.
224 2010 327 2060 Quid
353 2010 387 2046 in
414 2010 553 2047 summo
583 2010 806 2058 reipublicae
831 2011 1042 2050 discrimine
1066 2026 1085 2050 a
1106 2023 1185 2052 tan-

62 2089 104 2118 to
139 2072 309 2127 Principe
351 2078 556 2127 exspectare
601 2092 677 2118 non
733 2080 902 2119 licebat?
961 2083 1183 2130 Imperiosus

66 2149 212 2198 quidem
238 2159 312 2186 erat
336 2159 371 2186 et
398 2150 692 2198 evangelicorum
719 2151 916 2189 acerrimus
947 2153 1097 2201 {losti53
1122 2167 1183 2191 ve·

68 2230 148 2257 tum
182 2219 479 2258 Gulielmus
520 2221 713 2266 prudentia
740 2220 802 2258 sua
835 2230 870 2259 et
905 2224 1123 2261 auctoritate
1148 2224 1182 2262 se

67 2297 210 2328 tantum
246 2291 343 2337 apud
369 2301 451 2328 eum
494 2291 690 2328 valiturum
727 2291 922 2338 sperabat,
964 2302 1004 2330 ut
1039 2293 1186 2341 imperii

67 2358 122 2400 sui
156 2358 290 2398 limites
325 2360 610 2408 haudquaquam
638 2361 833 2399 excederet
853 2372 974 2409 neque
1003 2364 1183 2410 evangeli-

1118 2445 1184 2470 co·
