1483 2860
344 200 940 242 THEoLOGmA.
1156 205 1205 252 69

80 299 253 362 agentem
278 340 290 360 ‚
322 313 536 359 loquentem
575 319 612 348 et
644 310 794 360 insignia
844 310 973 349 summi
1009 310 1202 350 Pontificis

81 382 294 421 induentem
317 379 600 426 animadvertit,
625 390 666 417 ac
701 378 726 417 fi
757 380 831 428 jam
862 378 1013 428 prorsus
1038 380 1201 417 auctori-

81 444 309 500 tate'papali
330 451 519 498 gauderet.
571 449 678 487 Hanc
712 448 1032 496 opportunitatem
1063 449 1107 486 ad
1133 447 1200 486 lai-

76 531 207 559 corum
228 532 315 569 prae
334 519 477 558 clericis
499 519 582 568 jura
605 517 851 567 aggredienda
865 546 878 564 ,
907 527 943 555 et
968 518 1016 555 ad
1038 529 1165 555 eorum
1179 547 1193 566 ‚

76 602 173 638 quae
206 590 360 628 molitus
384 590 530 635 fuerat,
559 589 763 637 periculum
792 587 999 626 faciendum
1024 588 1193 625 idoneam

71 659 196 697 duxit.
235 659 358 697 Leoni
392 659 440 696 ita
467 657 640 706 persuasit
679 658 717 695 in
747 658 960 706 electione,
989 657 1034 695 ab
1069 658 1192 705 Impe-

76 737 195 767 ratore
223 728 347 775 facta,
368 739 445 766 non
481 728 558 766 esse
594 727 931 776 acquiescendum,
961 726 1021 765 sed
1051 727 1144 765 hanc
1171 739 1192 766 a

69 799 171 837 clero
198 799 420 846 populoque
454 796 626 834 Romano
655 804 828 844 oportere
863 793 1100 843 confirmari,
1129 805 1194 833 an-

67 875 238 915 teaquam
260 877 397 904 munus
423 865 529 904 obire
542 865 669 903 liceret
685 893 698 912 ,
726 866 949 913 „illicitum
964 866 1061 903 enim
1086 865 1186 912 esse,

69 937 190 976 aiebat
212 965 225 983 ‚
273 947 345 988 per
385 948 536 973 manum
574 936 711 973 laicam
745 936 932 982 summum
966 933 1182 985 Pontificem

66 1009 120 1046 ad
146 1007 452 1057 gubernationem
468 1006 597 1044 'totius
624 1004 809 1053 Ecclestae
839 1005 1020 1043 ‘violenter
1045 1007 1182 1043 introi-

65 1089 108 1117 re
138 1076 253 1125 (1).”

115 1147 212 1195 Papa
246 1145 421 1195 prudenti
449 1146 531 1184 viro
570 1158 676 1184 aures
708 1147 909 1194 praebuit,
936 1147 1181 1196 callidamque

64 1217 146 1267 ejus
179 1225 337 1253 mentem
374 1215 530 1253 fortasse
565 1216 820 1264 perspiciens,
873 1229 1075 1266 purpuram
1113 1217 1182 1256 sta-

61 1287 126 1325 tim
154 1285 328 1334 deposuit
357 1287 453 1334 (2),
480 1297 549 1333 ac,
571 1286 843 1333 peregrinantis
874 1286 1005 1324 habitu
1031 1285 1177 1335 sumto,

61 1356 219 1395 Romam
249 1367 318 1393 una
333 1367 418 1393 cum
446 1355 702 1393 Hildebrando
719 1355 866 1404 ‚futuri
882 1357 1176 1405 munerisssdmi-

60 1427 180 1464 nistro
195 1455 209 1473 ‚
234 1426 475 1474 properavit,
493 1425 555 1463 ubi
571 1426 750 1464 unanimo
778 1426 958 1466 consensu
984 1426 1176 1466 consecra-

60 1503 122 1532 tus
139 1502 195 1532 est
210 1495 370 1543 (1048).
389 1494 468 1543 Jam
482 1494 761 1532 Hildebrandus
773 1497 844 1533 hoc
860 1496 1087 1534 documento
1114 1508 1178 1535 os-

59 1564 201 1612 tendit,
220 1572 355 1611 quanta
376 1565 501 1600 animo
534 1566 701 1602 volveret
725 1564 875 1602 confilia
891 1577 904 1612 ;
922 1576 1001 1602 non
1025 1565 1122 1603 enim
1144 1566 1179 1604 ei

0 1630 4 1634 ’
60 1646 163 1673 mens
180 1643 256 1672 erat
270 1663 283 1681 ‚
301 1643 343 1671 ut
358 1633 467 1682 snpra
495 1634 739 1683 Imperatores
760 1635 892 1683 populi
916 1636 1076 1674 Romani
1090 1647 1177 1674 auc-

58 1705 243 1743 toritatem
259 1705 476 1751 extolleret,
495 1704 608 1741 immo
626 1703 701 1753 ipse
717 1717 760 1742 ex
786 1705 969 1744 industria
983 1706 1176 1744 Romano-

57 1787 137 1821 rum
166 1776 205 1812 in
231 1774 411 1822 eligendis
433 1774 543 1823 Papis
563 1774 638 1812 vim
653 1803 666 1822 .,
695 1774 899 1813 constituto
923 1775 1176 1814 Cardinalium

57 1846 240 1893 collegio,
268 1843 440 1883 funditus
469 1844 626 1882 evertit:
657 1845 717 1883 sed
737 1846 855 1894 maius
883 1845 973 1893 quid
987 1846 1178 1893 cogitabat

55 1914 157 1954 vafer
188 1914 421 1962 monachus;
449 1914 623 1953 nimirum
656 1915 683 1954 fi
707 1916 872 1964 populus
900 1916 1006 1954 semel
1037 1917 1174 1966 Papam

1108 1987 1174 2025 eli·

63 2105 146 2145 '(1)
167 2109 242 2136 Sunt
275 2107 339 2143 ipsa
372 2109 652 2139 Hildebrandi
680 2113 793 2148 verba,
823 2113 858 2141 ab
894 2115 1053 2143 Ottone
1092 2114 1170 2144 Fri-

52 2162 232 2209 qingensi
250 2165 352 2201 allata,
375 2166 488 2195 chron.
509 2166 580 2196 Lib.
602 2168 658 2196 VI.
683 2168 758 2204 Cap.
785 2176 832 2203 33.

65 2218 70 2223 ⁴
91 2220 145 2256 (a)
163 2219 211 2248 De
233 2221 316 2249 omni
340 2222 396 2251 hac
416 2223 587 2252 narratione
619 2225 793 2255 consulatur
820 2227 995 2263 Planck,
1021 2228 1032 2255 Ι
1067 2227 1091 2257 1.
1111 2227 1181 2258 IV·¹

25 2291 28 2298 ·
51 2277 86 2307 B.
111 2278 135 2306 1.
156 2274 204 2305 Ab
239 2277 313 2312 Cap.
338 2279 389 2308 111.
407 2280 434 2315 S.
455 2288 484 2314 3.
501 2288 566 2316 pag.
585 2290 634 2318 4⁴·
1160 2271 1165 2276 ι
