1524 2850
382 271 918 318 ORATIO.
1157 277 1217 315 21

87 408 256 454 thodor
289 407 334 452 in
368 406 633 452 meridionali
671 421 786 460 *vero
826 407 950 464 longe
1005 421 1029 449 a
1082 404 1212 461 maris

86 485 298 530 littoribus
338 484 510 530 distanti
527 516 538 537 ,
568 483 719 528 sodam
762 498 812 528 ex
840 482 996 542 plantis
1032 482 1211 534 marinis

13 547 16 549 Δ
87 562 308 617 extrahere
345 562 528 608 doceret.

85 639 195 684 sIn‘
249 638 365 682 omni
408 638 535 698 igitur
565 638 739 697 regione
778 640 865 681 has
908 644 1079 682 nostrae
1120 637 1213 682 dis-
1259 663 1263 669 ·

84 716 263 776 ,ciplinae
283 724 434 780 ⁴partes
469 716 715 761 tractandas
755 730 846 760 esse
862 748 873 768 ‚
925 729 1212 772 unumquem-

86 808 169 850 que
194 807 358 840 mecum
391 793 592 839 arbitrari
622 806 802 846 censeo,
834 803 944 850 quae
978 791 1062 851 ipsi
1103 805 1213 836 con-

83 870 253 914 veniant
291 871 468 930 regioni.
555 871 607 915 In
646 869 839 930 plurimis
887 869 948 914 ita
989 868 1211 913 Americae

82 946 289 992 ‚tractibus
307 979 319 1000 ,
362 947 408 990 in
452 947 705 1000 Mexicana,
746 944 1026 991 Columbiana
1043 977 1058 1000 ‚
1101 943 1209 989 Chi-

84 1023 195 1078 liana
212 1056 223 1076 ‚
256 1023 493 1067 Brasiliana
520 1023 690 1081 regione
706 1055 718 1076 ,
748 1023 794 1066 in
823 1022 951 1068 Asiae
992 1021 1209 1068 montibus

87 1099 314 1159 Uijalihus,
346 1108 491 1158 agetur
534 1100 585 1143 de
628 1100 888 1144 extrahendo
919 1106 959 1144 et
1000 1115 1025 1143 a
1066 1114 1112 1143 se
1138 1099 1210 1141 in-

82 1176 215 1220 vicem
257 1177 527 1235 separando,
571 1178 715 1231 Auro,
747 1177 970 1235 Argento,
1018 1176 1212 1229 Plautina,

81 1252 283 1307 Rhodio,
330 1253 462 1298 Iridio
515 1253 691 1308 Osmio,
737 1254 874 1310 deque
911 1254 1025 1297 novi
1055 1255 1212 1299 metalli

80 1331 255 1376 Plurani
283 1331 385 1375 dicti
413 1330 742 1391 nuperrimeque
771 1330 924 1375 detecti
941 1363 952 1383 ,
980 1330 1226 1387 acquiren-

81 1408 127 1452 di
152 1408 296 1452 modo.
331 1408 381 1452 In
397 1407 647 1462 Lcodiensi‚
679 1407 990 1462 Namurcenci‚
1023 1407 1211 1452 Luxem-

78 1485 281 1544 burgensi
339 1485 504 1545 patriae
554 1485 814 1544 provinciis,
871 1485 925 1529 de
975 1485 1210 1530 tractandis

79 1561 258 1606 metallis
295 1569 337 1605 ct
362 1562 577 1607 fossilibus
619 1577 729 1620 quae
768 1562 830 1605 ibi
870 1570 1127 1616 occurrunt,
1154 1563 1209 1607 sit

74 1654 249 1693 sermo,
278 1638 340 1682 uti
384 1639 436 1684 de
478 1639 642 1693 Ferro,
677 1640 833 1694 Zinco,
864 1639 1072 1693 Plumbo,
1120 1639 1210 1699 Cu-

80 1730 183 1776 pro,
229 1716 576 1774 carbonibusque
616 1716 833 1761 fossilibus
865 1717 1002 1774 deque
1027 1717 1108 1762 illis
1142 1718 1212 1761 fa-

73 1794 237 1849 bricis,
282 1809 392 1852 quae
436 1809 532 1839 cum
573 1795 780 1852 ejusmodi
821 1795 1042 1839 laboribus
1068 1795 1209 1842 >facile

75 1872 279 1932 ¹conjungi
332 1878 539 1931 possunt3
585 1871 644 1915 ita
683 1872 806 1916 facile
854 1872 1210 1930 quemadmodum

23 2003 31 2011 ς
69 1949 230 1995 .Leodii
260 1950 336 2003 fit,
394 1949 561 1993 alumen
610 1948 855 2003 obtinetur,
897 1949 972 1993 ubi
1025 1950 1211 1995 sulfure-

71 2034 169 2071 tum
208 2026 309 2072 ferri
338 2039 437 2071 cum
472 2026 621 2086 argilla
661 2033 704 2072 et
753 2026 844 2072 aliis
894 2027 996 2071 ferri
1031 2027 1210 2072 mineri-

71 2103 160 2148 bus
203 2104 473 2162 conjunctum
516 2104 779 2162 acquiratur:
842 2105 905 2150 sic
952 2105 998 2149 in
1050 2105 1209 2150 nostris

75 2179 346 2237 regionibus,
377 2180 430 2226 de
468 2180 670 2226 methodo
709 2181 773 2226 sal
807 2195 858 2228 ex
915 2181 1036 2239 aquis
1073 2181 1208 2227 mari-

67 2255 144 2304 nis
159 2287 173 2312 ‚
217 2257 352 2316 deque
402 2258 524 2318 simul
580 2258 814 2310 obtinenda
864 2258 1104 2323 magnesia,
1166 2267 1212 2310 et

1120 2348 1211 2381 aci-
