<?xml version="1.0" encoding="UTF-8"?>
<!DOCTYPE html PUBLIC "-//W3C//DTD XHTML 1.0 Transitional//EN"
    "http://www.w3.org/TR/xhtml1/DTD/xhtml1-transitional.dtd">
<html xmlns="http://www.w3.org/1999/xhtml" xml:lang="en" lang="en">
 <head>
  <title>
</title>
<meta http-equiv="Content-Type" content="text/html;charset=utf-8" />
  <meta name='ocr-system' content='tesseract 3.04.00' />
  <meta name='ocr-capabilities' content='ocr_page ocr_carea ocr_par ocr_line ocrx_word'/>
</head>
<body>
  <div class='ocr_page' id='page_1' title='image "annalesacademiae29acad_0815.png"; bbox 0 0 1483 2860; ppageno 0'>
   <div class='ocr_carea' id='block_1_1' title="bbox 481 208 1252 256">
    <p class='ocr_par' dir='ltr' id='par_1_1' title="bbox 481 208 1252 256">
     <span class='ocr_line' id='line_1_1' title="bbox 481 208 1252 256; baseline 0.006 -5"><span class='ocrx_word' id='word_1_1' title='bbox 481 208 904 251; x_wconf 69' lang='lat' dir='ltr'>nzACETo.</span> <span class='ocrx_word' id='word_1_2' title='bbox 1205 228 1252 256; x_wconf 88' lang='lat'>21</span> 
     </span>
    </p>
   </div>
   <div class='ocr_carea' id='block_1_2' title="bbox 96 320 1252 1910">
    <p class='ocr_par' dir='ltr' id='par_1_2' title="bbox 96 320 1252 1910">
     <span class='ocr_line' id='line_1_2' title="bbox 127 320 1252 372; baseline 0.001 -11"><span class='ocrx_word' id='word_1_3' title='bbox 127 321 268 372; x_wconf 84' lang='lat' dir='ltr'>tegulis</span> <span class='ocrx_word' id='word_1_4' title='bbox 312 320 480 371; x_wconf 84' lang='lat' dir='ltr'>tegitur,</span> <span class='ocrx_word' id='word_1_5' title='bbox 518 328 702 359; x_wconf 87' lang='lat' dir='ltr'>caeterum</span> <span class='ocrx_word' id='word_1_6' title='bbox 741 326 866 368; x_wconf 88' lang='lat' dir='ltr'>aperta</span> <span class='ocrx_word' id='word_1_7' title='bbox 907 330 1042 360; x_wconf 90' lang='lat' dir='ltr'>manet.</span> <span class='ocrx_word' id='word_1_8' title='bbox 1097 323 1252 372; x_wconf 89' lang='lat' dir='ltr'><strong>Semper</strong></span> 
     </span>
     <span class='ocr_line' id='line_1_3' title="bbox 126 388 1250 442; baseline 0 -10"><span class='ocrx_word' id='word_1_9' title='bbox 126 393 336 442; x_wconf 84' lang='lat' dir='ltr'>seliguntur</span> <span class='ocrx_word' id='word_1_10' title='bbox 372 389 481 436; x_wconf 86' lang='lat' dir='ltr'>vasa,</span> <span class='ocrx_word' id='word_1_11' title='bbox 523 389 562 427; x_wconf 91' lang='lat' dir='ltr'>in</span> <span class='ocrx_word' id='word_1_12' title='bbox 594 390 734 437; x_wconf 87' lang='lat' dir='ltr'>quibus</span> <span class='ocrx_word' id='word_1_13' title='bbox 771 389 901 428; x_wconf 86' lang='lat' dir='ltr'>vinum</span> <span class='ocrx_word' id='word_1_14' title='bbox 928 388 1161 438; x_wconf 86' lang='lat' dir='ltr'>hispanicum</span> <span class='ocrx_word' id='word_1_15' title='bbox 1189 395 1250 432; x_wconf 89' lang='lat' dir='ltr'>vel</span> 
     </span>
     <span class='ocr_line' id='line_1_4' title="bbox 127 458 1246 509; baseline 0.001 -8"><span class='ocrx_word' id='word_1_16' title='bbox 127 462 237 501; x_wconf 84' lang='lat' dir='ltr'>etiam</span> <span class='ocrx_word' id='word_1_17' title='bbox 274 461 364 500; x_wconf 85' lang='lat' dir='ltr'>aliae</span> <span class='ocrx_word' id='word_1_18' title='bbox 395 458 535 509; x_wconf 88' lang='lat' dir='ltr'>species</span> <span class='ocrx_word' id='word_1_19' title='bbox 563 458 642 497; x_wconf 89' lang='lat' dir='ltr'>vini</span> <span class='ocrx_word' id='word_1_20' title='bbox 684 459 811 497; x_wconf 79' lang='lat' dir='ltr'>dulces</span> <span class='ocrx_word' id='word_1_21' title='bbox 843 467 1113 508; x_wconf 86' lang='lat' dir='ltr'>transportatae</span> <span class='ocrx_word' id='word_1_22' title='bbox 1145 462 1246 503; x_wconf 87' lang='lat' dir='ltr'>sunt.</span> 
     </span>
     <span class='ocr_line' id='line_1_5' title="bbox 127 528 1242 578; baseline -0.003 -6"><span class='ocrx_word' id='word_1_23' title='bbox 127 531 222 572; x_wconf 85' lang='lat' dir='ltr'><strong>Tale</strong></span> <span class='ocrx_word' id='word_1_24' title='bbox 260 538 407 569; x_wconf 87' lang='lat' dir='ltr'>acetum</span> <span class='ocrx_word' id='word_1_25' title='bbox 454 528 550 568; x_wconf 83' lang='lat' dir='ltr'>intra</span> <span class='ocrx_word' id='word_1_26' title='bbox 586 537 750 577; x_wconf 86' lang='lat' dir='ltr'>quatuor</span> <span class='ocrx_word' id='word_1_27' title='bbox 789 530 850 568; x_wconf 89' lang='lat' dir='ltr'>vel</span> <span class='ocrx_word' id='word_1_28' title='bbox 895 530 1063 578; x_wconf 83' lang='lat' dir='ltr'>quinque</span> <span class='ocrx_word' id='word_1_29' title='bbox 1101 531 1242 569; x_wconf 83' lang='lat' dir='ltr'>menses</span> 
     </span>
     <span class='ocr_line' id='line_1_6' title="bbox 119 600 1243 648; baseline -0.001 -8"><span class='ocrx_word' id='word_1_30' title='bbox 119 600 336 640; x_wconf 81' lang='lat' dir='ltr'>confectum</span> <span class='ocrx_word' id='word_1_31' title='bbox 374 608 449 639; x_wconf 88' lang='lat' dir='ltr'>est.</span> <span class='ocrx_word' id='word_1_32' title='bbox 527 600 681 648; x_wconf 87' lang='lat' dir='ltr'>Semper</span> <span class='ocrx_word' id='word_1_33' title='bbox 715 610 806 637; x_wconf 91' lang='lat' dir='ltr'>vero</span> <span class='ocrx_word' id='word_1_34' title='bbox 852 600 1032 637; x_wconf 89' lang='lat' dir='ltr'>utendum</span> <span class='ocrx_word' id='word_1_35' title='bbox 1071 600 1243 639; x_wconf 87' lang='lat' dir='ltr'>cerevifia</span> 
     </span>
     <span class='ocr_line' id='line_1_7' title="bbox 116 668 1241 720; baseline -0.002 -10"><span class='ocrx_word' id='word_1_36' title='bbox 116 670 233 720; x_wconf 81' lang='lat' dir='ltr'>forti,</span> <span class='ocrx_word' id='word_1_37' title='bbox 272 669 412 709; x_wconf 91' lang='lat' dir='ltr'>coloris</span> <span class='ocrx_word' id='word_1_38' title='bbox 449 678 598 718; x_wconf 82' lang='lat' dir='ltr'>experte</span> <span class='ocrx_word' id='word_1_39' title='bbox 627 679 663 707; x_wconf 88' lang='lat' dir='ltr'>et</span> <span class='ocrx_word' id='word_1_40' title='bbox 697 668 774 707; x_wconf 86' lang='lat' dir='ltr'>fine</span> <span class='ocrx_word' id='word_1_41' title='bbox 814 670 947 718; x_wconf 86' lang='lat' dir='ltr'>lupulo</span> <span class='ocrx_word' id='word_1_42' title='bbox 982 678 1088 708; x_wconf 87' lang='lat' dir='ltr'>cocta</span> <span class='ocrx_word' id='word_1_43' title='bbox 1158 671 1241 709; x_wconf 86' lang='lat' dir='ltr'>Ali-</span> 
     </span>
     <span class='ocr_line' id='line_1_8' title="bbox 117 737 1235 789; baseline -0.001 -9"><span class='ocrx_word' id='word_1_44' title='bbox 117 742 267 789; x_wconf 86' lang='lat' dir='ltr'>quando</span> <span class='ocrx_word' id='word_1_45' title='bbox 295 738 490 779; x_wconf 77' lang='lat' dir='ltr'>cerevisiae</span> <span class='ocrx_word' id='word_1_46' title='bbox 522 737 695 776; x_wconf 88' lang='lat' dir='ltr'>fermenti</span> <span class='ocrx_word' id='word_1_47' title='bbox 728 739 814 777; x_wconf 93' lang='lat' dir='ltr'>loco</span> <span class='ocrx_word' id='word_1_48' title='bbox 839 739 1062 778; x_wconf 74' lang='lat' dir='ltr'>admiscetur</span> <span class='ocrx_word' id='word_1_49' title='bbox 1090 748 1235 779; x_wconf 88' lang='lat' dir='ltr'>acetum</span> 
     </span>
     <span class='ocr_line' id='line_1_9' title="bbox 118 808 1235 857; baseline -0.002 -7"><span class='ocrx_word' id='word_1_50' title='bbox 118 810 303 850; x_wconf 85' lang='lat' dir='ltr'>ebulliens</span> <span class='ocrx_word' id='word_1_51' title='bbox 341 810 380 848; x_wconf 91' lang='lat' dir='ltr'>in</span> <span class='ocrx_word' id='word_1_52' title='bbox 418 820 496 857; x_wconf 87' lang='lat' dir='ltr'>quo</span> <span class='ocrx_word' id='word_1_53' title='bbox 531 817 690 847; x_wconf 85' lang='lat' dir='ltr'>tartarus</span> <span class='ocrx_word' id='word_1_54' title='bbox 728 808 874 847; x_wconf 86' lang='lat' dir='ltr'>solutus</span> <span class='ocrx_word' id='word_1_55' title='bbox 912 816 996 857; x_wconf 83' lang='lat' dir='ltr'>est,</span> <span class='ocrx_word' id='word_1_56' title='bbox 1035 811 1096 847; x_wconf 89' lang='lat' dir='ltr'>vel</span> <span class='ocrx_word' id='word_1_57' title='bbox 1124 809 1235 849; x_wconf 86' lang='lat' dir='ltr'>etiam</span> 
     </span>
     <span class='ocr_line' id='line_1_10' title="bbox 115 876 1091 928; baseline -0.003 -8"><span class='ocrx_word' id='word_1_58' title='bbox 115 890 275 922; x_wconf 84' lang='lat' dir='ltr'>tartarus</span> <span class='ocrx_word' id='word_1_59' title='bbox 300 881 420 920; x_wconf 89' lang='lat' dir='ltr'>durus</span> <span class='ocrx_word' id='word_1_60' title='bbox 445 890 530 917; x_wconf 89' lang='lat' dir='ltr'>cum</span> <span class='ocrx_word' id='word_1_61' title='bbox 555 887 661 917; x_wconf 86' lang='lat' dir='ltr'>aceto</span> <span class='ocrx_word' id='word_1_62' title='bbox 690 879 736 916; x_wconf 89' lang='lat' dir='ltr'>ad</span> <span class='ocrx_word' id='word_1_63' title='bbox 765 876 822 917; x_wconf 86' lang='lat' dir='ltr'>far</span> <span class='ocrx_word' id='word_1_64' title='bbox 845 877 1003 926; x_wconf 87' lang='lat' dir='ltr'>pinfitus</span> <span class='ocrx_word' id='word_1_65' title='bbox 1032 878 1091 928; x_wconf 88' lang='lat'>1).</span> 
     </span>
     <span class='ocr_line' id='line_1_11' title="bbox 167 947 1234 1000; baseline 0.001 -12"><span class='ocrx_word' id='word_1_66' title='bbox 167 951 310 989; x_wconf 84' lang='lat' dir='ltr'>Verum</span> <span class='ocrx_word' id='word_1_67' title='bbox 351 961 429 988; x_wconf 88' lang='lat' dir='ltr'>non</span> <span class='ocrx_word' id='word_1_68' title='bbox 465 957 607 988; x_wconf 90' lang='lat' dir='ltr'>tantum</span> <span class='ocrx_word' id='word_1_69' title='bbox 645 960 668 986; x_wconf 86' lang='lat' dir='ltr'>e</span> <span class='ocrx_word' id='word_1_70' title='bbox 707 947 881 987; x_wconf 81' lang='lat' dir='ltr'>cerevifia</span> <span class='ocrx_word' id='word_1_71' title='bbox 919 949 995 998; x_wconf 76' lang='lat' dir='ltr'>Jam</span> <span class='ocrx_word' id='word_1_72' title='bbox 1034 948 1234 1000; x_wconf 84' lang='lat' dir='ltr'>confecta,</span> 
     </span>
     <span class='ocr_line' id='line_1_12' title="bbox 111 1017 1235 1069; baseline 0.002 -11"><span class='ocrx_word' id='word_1_73' title='bbox 111 1019 174 1060; x_wconf 88' lang='lat' dir='ltr'>sed</span> <span class='ocrx_word' id='word_1_74' title='bbox 196 1019 304 1058; x_wconf 87' lang='lat' dir='ltr'>etiam</span> <span class='ocrx_word' id='word_1_75' title='bbox 321 1047 335 1068; x_wconf 82' lang='grc'>,</span> <span class='ocrx_word' id='word_1_76' title='bbox 361 1028 475 1069; x_wconf 89' lang='lat' dir='ltr'>atque</span> <span class='ocrx_word' id='word_1_77' title='bbox 507 1020 580 1058; x_wconf 89' lang='lat' dir='ltr'>hoc</span> <span class='ocrx_word' id='word_1_78' title='bbox 607 1017 807 1068; x_wconf 85' lang='lat' dir='ltr'>praecipue</span> <span class='ocrx_word' id='word_1_79' title='bbox 825 1018 866 1056; x_wconf 92' lang='lat' dir='ltr'>in</span> <span class='ocrx_word' id='word_1_80' title='bbox 896 1018 1017 1058; x_wconf 87' lang='lat' dir='ltr'>Patria</span> <span class='ocrx_word' id='word_1_81' title='bbox 1041 1028 1170 1059; x_wconf 89' lang='lat' dir='ltr'>nostra</span> <span class='ocrx_word' id='word_1_82' title='bbox 1192 1028 1235 1060; x_wconf 86' lang='lat' dir='ltr'>et.-</span> 
     </span>
     <span class='ocr_line' id='line_1_13' title="bbox 109 1089 1232 1138; baseline 0.003 -10"><span class='ocrx_word' id='word_1_83' title='bbox 109 1089 150 1128; x_wconf 89' lang='lat' dir='ltr'>in</span> <span class='ocrx_word' id='word_1_84' title='bbox 175 1089 376 1130; x_wconf 83' lang='lat' dir='ltr'>Germania</span> <span class='ocrx_word' id='word_1_85' title='bbox 407 1091 532 1130; x_wconf 91' lang='lat' dir='ltr'>locum</span> <span class='ocrx_word' id='word_1_86' title='bbox 562 1089 703 1138; x_wconf 87' lang='lat' dir='ltr'>habet,</span> <span class='ocrx_word' id='word_1_87' title='bbox 730 1100 897 1138; x_wconf 87' lang='lat' dir='ltr'>magnam</span> <span class='ocrx_word' id='word_1_88' title='bbox 923 1089 1018 1128; x_wconf 86' lang='lat' dir='ltr'>aceti</span> <span class='ocrx_word' id='word_1_89' title='bbox 1045 1091 1232 1138; x_wconf 73' lang='lat' dir='ltr'>quantita-1</span> 
     </span>
     <span class='ocr_line' id='line_1_14' title="bbox 109 1159 1229 1208; baseline 0.001 -9"><span class='ocrx_word' id='word_1_90' title='bbox 109 1168 186 1199; x_wconf 87' lang='lat' dir='ltr'>tem</span> <span class='ocrx_word' id='word_1_91' title='bbox 223 1160 431 1199; x_wconf 89' lang='lat' dir='ltr'>conficiunt</span> <span class='ocrx_word' id='word_1_92' title='bbox 467 1173 488 1199; x_wconf 92' lang='lat' dir='ltr'>e</span> <span class='ocrx_word' id='word_1_93' title='bbox 522 1161 664 1208; x_wconf 82' lang='lat' dir='ltr'>malt03</span> <span class='ocrx_word' id='word_1_94' title='bbox 719 1167 756 1198; x_wconf 90' lang='lat' dir='ltr'>et</span> <span class='ocrx_word' id='word_1_95' title='bbox 794 1159 943 1208; x_wconf 88' lang='lat' dir='ltr'>quidem</span> <span class='ocrx_word' id='word_1_96' title='bbox 974 1161 1035 1199; x_wconf 92' lang='lat' dir='ltr'>vel</span> <span class='ocrx_word' id='word_1_97' title='bbox 1067 1171 1087 1198; x_wconf 94' lang='lat' dir='ltr'>e</span> <span class='ocrx_word' id='word_1_98' title='bbox 1112 1161 1229 1201; x_wconf 89' lang='lat' dir='ltr'>malto</span> 
     </span>
     <span class='ocr_line' id='line_1_15' title="bbox 109 1228 1229 1279; baseline 0.001 -9"><span class='ocrx_word' id='word_1_99' title='bbox 109 1231 318 1271; x_wconf 84' lang='lat' dir='ltr'>hordeaceo</span> <span class='ocrx_word' id='word_1_100' title='bbox 339 1230 419 1278; x_wconf 85' lang='lat' dir='ltr'>solo</span> <span class='ocrx_word' id='word_1_101' title='bbox 433 1259 447 1279; x_wconf 84' lang='lat'>‚</span> <span class='ocrx_word' id='word_1_102' title='bbox 475 1232 535 1269; x_wconf 85' lang='lat' dir='ltr'>vel</span> <span class='ocrx_word' id='word_1_103' title='bbox 558 1242 577 1268; x_wconf 84' lang='lat' dir='ltr'>e</span> <span class='ocrx_word' id='word_1_104' title='bbox 600 1230 770 1278; x_wconf 77' lang='lat' dir='ltr'>triticeo,</span> <span class='ocrx_word' id='word_1_105' title='bbox 799 1230 861 1268; x_wconf 90' lang='lat' dir='ltr'>sed</span> <span class='ocrx_word' id='word_1_106' title='bbox 883 1230 957 1267; x_wconf 93' lang='lat' dir='ltr'>hoc</span> <span class='ocrx_word' id='word_1_107' title='bbox 975 1228 1116 1278; x_wconf 86' lang='lat' dir='ltr'>semper</span> <span class='ocrx_word' id='word_1_108' title='bbox 1139 1242 1229 1271; x_wconf 87' lang='lat' dir='ltr'>cum</span> 
     </span>
     <span class='ocr_line' id='line_1_16' title="bbox 107 1299 1228 1350; baseline 0.001 -12"><span class='ocrx_word' id='word_1_109' title='bbox 107 1301 239 1350; x_wconf 89' lang='lat' dir='ltr'>quinta</span> <span class='ocrx_word' id='word_1_110' title='bbox 265 1300 321 1338; x_wconf 85' lang='lat' dir='ltr'>sui</span> <span class='ocrx_word' id='word_1_111' title='bbox 346 1300 521 1349; x_wconf 80' lang='lat' dir='ltr'>ponderis</span> <span class='ocrx_word' id='word_1_112' title='bbox 545 1308 650 1348; x_wconf 87' lang='lat' dir='ltr'>parte</span> <span class='ocrx_word' id='word_1_113' title='bbox 673 1299 774 1338; x_wconf 89' lang='lat' dir='ltr'>malti</span> <span class='ocrx_word' id='word_1_114' title='bbox 798 1299 993 1339; x_wconf 82' lang='lat' dir='ltr'>hordeacei</span> <span class='ocrx_word' id='word_1_115' title='bbox 1019 1300 1112 1338; x_wconf 90' lang='lat' dir='ltr'>tosti</span> <span class='ocrx_word' id='word_1_116' title='bbox 1137 1300 1228 1339; x_wconf 90' lang='lat' dir='ltr'>mis-</span> 
     </span>
     <span class='ocr_line' id='line_1_17' title="bbox 103 1368 1222 1417; baseline 0.001 -8"><span class='ocrx_word' id='word_1_117' title='bbox 103 1370 179 1410; x_wconf 87' lang='lat' dir='ltr'>ceri</span> <span class='ocrx_word' id='word_1_118' title='bbox 211 1369 348 1417; x_wconf 85' lang='lat' dir='ltr'>debet,</span> <span class='ocrx_word' id='word_1_119' title='bbox 389 1369 570 1417; x_wconf 89' lang='lat' dir='ltr'>quoniam</span> <span class='ocrx_word' id='word_1_120' title='bbox 605 1368 712 1407; x_wconf 88' lang='lat' dir='ltr'>aliter</span> <span class='ocrx_word' id='word_1_121' title='bbox 747 1379 826 1407; x_wconf 91' lang='lat' dir='ltr'>non</span> <span class='ocrx_word' id='word_1_122' title='bbox 857 1369 968 1408; x_wconf 86' lang='lat' dir='ltr'>facile</span> <span class='ocrx_word' id='word_1_123' title='bbox 1000 1371 1222 1411; x_wconf 80' lang='lat' dir='ltr'>extrahitur.</span> 
     </span>
     <span class='ocr_line' id='line_1_18' title="bbox 102 1439 1225 1491; baseline 0 -12"><span class='ocrx_word' id='word_1_124' title='bbox 102 1441 210 1480; x_wconf 87' lang='lat' dir='ltr'>Duae</span> <span class='ocrx_word' id='word_1_125' title='bbox 234 1441 370 1479; x_wconf 89' lang='lat' dir='ltr'>dantur</span> <span class='ocrx_word' id='word_1_126' title='bbox 394 1448 431 1477; x_wconf 91' lang='lat' dir='ltr'>et</span> <span class='ocrx_word' id='word_1_127' title='bbox 451 1439 555 1478; x_wconf 86' lang='lat' dir='ltr'>malti</span> <span class='ocrx_word' id='word_1_128' title='bbox 578 1439 774 1478; x_wconf 86' lang='lat' dir='ltr'>hordeacei</span> <span class='ocrx_word' id='word_1_129' title='bbox 793 1448 830 1478; x_wconf 90' lang='lat' dir='ltr'>et</span> <span class='ocrx_word' id='word_1_130' title='bbox 855 1440 958 1478; x_wconf 84' lang='lat' dir='ltr'>malti</span> <span class='ocrx_word' id='word_1_131' title='bbox 981 1441 1117 1479; x_wconf 81' lang='lat' dir='ltr'>triticei</span> <span class='ocrx_word' id='word_1_132' title='bbox 1143 1442 1225 1491; x_wconf 89' lang='lat' dir='ltr'>spe-</span> 
     </span>
     <span class='ocr_line' id='line_1_19' title="bbox 100 1510 1225 1559; baseline 0.003 -10"><span class='ocrx_word' id='word_1_133' title='bbox 100 1510 206 1559; x_wconf 85' lang='lat' dir='ltr'>cies,</span> <span class='ocrx_word' id='word_1_134' title='bbox 233 1521 308 1548; x_wconf 88' lang='lat' dir='ltr'>una</span> <span class='ocrx_word' id='word_1_135' title='bbox 342 1520 476 1558; x_wconf 89' lang='lat' dir='ltr'>nempe</span> <span class='ocrx_word' id='word_1_136' title='bbox 511 1510 558 1548; x_wconf 85' lang='lat' dir='ltr'>ad</span> <span class='ocrx_word' id='word_1_137' title='bbox 585 1512 705 1548; x_wconf 68' lang='lat' dir='ltr'>aerem</span> <span class='ocrx_word' id='word_1_138' title='bbox 722 1537 736 1558; x_wconf 87' lang='lat'><strong>,</strong></span> <span class='ocrx_word' id='word_1_139' title='bbox 762 1511 875 1549; x_wconf 86' lang='lat' dir='ltr'>altera</span> <span class='ocrx_word' id='word_1_140' title='bbox 898 1511 944 1550; x_wconf 88' lang='lat' dir='ltr'>ad</span> <span class='ocrx_word' id='word_1_141' title='bbox 969 1510 1124 1550; x_wconf 87' lang='lat' dir='ltr'>furnum</span> <span class='ocrx_word' id='word_1_142' title='bbox 1155 1512 1225 1552; x_wconf 84' lang='lat' dir='ltr'>fic·</span> 
     </span>
     <span class='ocr_line' id='line_1_20' title="bbox 101 1578 1224 1629; baseline 0.001 -10"><span class='ocrx_word' id='word_1_143' title='bbox 101 1589 197 1619; x_wconf 87' lang='lat' dir='ltr'>cata.</span> <span class='ocrx_word' id='word_1_144' title='bbox 250 1578 375 1618; x_wconf 83' lang='lat' dir='ltr'>Prima</span> <span class='ocrx_word' id='word_1_145' title='bbox 398 1578 536 1628; x_wconf 85' lang='lat' dir='ltr'>species</span> <span class='ocrx_word' id='word_1_146' title='bbox 574 1588 694 1617; x_wconf 83' lang='lat' dir='ltr'>autem</span> <span class='ocrx_word' id='word_1_147' title='bbox 730 1580 861 1629; x_wconf 79' lang='lat' dir='ltr'>majori</span> <span class='ocrx_word' id='word_1_148' title='bbox 885 1580 1094 1628; x_wconf 85' lang='lat' dir='ltr'>quantitate</span> <span class='ocrx_word' id='word_1_149' title='bbox 1120 1582 1224 1621; x_wconf 82' lang='lat' dir='ltr'>adhi-</span> 
     </span>
     <span class='ocr_line' id='line_1_21' title="bbox 103 1648 1223 1699; baseline 0.002 -11"><span class='ocrx_word' id='word_1_150' title='bbox 103 1650 215 1688; x_wconf 83' lang='lat' dir='ltr'>betur</span> <span class='ocrx_word' id='word_1_151' title='bbox 227 1678 241 1698; x_wconf 82' lang='lat'><strong>,</strong></span> <span class='ocrx_word' id='word_1_152' title='bbox 269 1661 380 1698; x_wconf 89' lang='lat' dir='ltr'>quam</span> <span class='ocrx_word' id='word_1_153' title='bbox 401 1651 534 1697; x_wconf 86' lang='lat' dir='ltr'>altera,</span> <span class='ocrx_word' id='word_1_154' title='bbox 562 1650 656 1688; x_wconf 87' lang='lat' dir='ltr'>duae</span> <span class='ocrx_word' id='word_1_155' title='bbox 676 1648 805 1688; x_wconf 87' lang='lat' dir='ltr'>tertiae</span> <span class='ocrx_word' id='word_1_156' title='bbox 822 1657 946 1698; x_wconf 87' lang='lat' dir='ltr'>partes</span> <span class='ocrx_word' id='word_1_157' title='bbox 964 1660 1097 1699; x_wconf 91' lang='lat' dir='ltr'>nempe</span> <span class='ocrx_word' id='word_1_158' title='bbox 1117 1652 1223 1690; x_wconf 87' lang='lat' dir='ltr'>malti</span> 
     </span>
     <span class='ocr_line' id='line_1_22' title="bbox 101 1718 1220 1770; baseline -0.001 -11"><span class='ocrx_word' id='word_1_159' title='bbox 101 1722 150 1759; x_wconf 84' lang='lat' dir='ltr'>ad</span> <span class='ocrx_word' id='word_1_160' title='bbox 170 1723 288 1760; x_wconf 66' lang='lat' dir='ltr'>aerem</span> <span class='ocrx_word' id='word_1_161' title='bbox 314 1728 351 1758; x_wconf 91' lang='lat' dir='ltr'>et</span> <span class='ocrx_word' id='word_1_162' title='bbox 369 1731 441 1758; x_wconf 90' lang='lat' dir='ltr'>una</span> <span class='ocrx_word' id='word_1_163' title='bbox 465 1719 571 1757; x_wconf 83' lang='lat' dir='ltr'>tertia</span> <span class='ocrx_word' id='word_1_164' title='bbox 591 1731 679 1768; x_wconf 87' lang='lat' dir='ltr'>pars</span> <span class='ocrx_word' id='word_1_165' title='bbox 698 1719 802 1757; x_wconf 88' lang='lat' dir='ltr'>malti</span> <span class='ocrx_word' id='word_1_166' title='bbox 824 1720 870 1757; x_wconf 91' lang='lat' dir='ltr'>ad</span> <span class='ocrx_word' id='word_1_167' title='bbox 895 1718 1047 1758; x_wconf 88' lang='lat' dir='ltr'>furnum</span> <span class='ocrx_word' id='word_1_168' title='bbox 1074 1720 1220 1770; x_wconf 83' lang='lat' dir='ltr'>ficcati3</span> 
     </span>
     <span class='ocr_line' id='line_1_23' title="bbox 101 1789 1220 1839; baseline 0.002 -10"><span class='ocrx_word' id='word_1_169' title='bbox 101 1789 392 1839; x_wconf 82' lang='lat' dir='ltr'>Expertisfimus</span> <span class='ocrx_word' id='word_1_170' title='bbox 428 1789 532 1828; x_wconf 89' lang='lat' dir='ltr'>Sim</span> <span class='ocrx_word' id='word_1_171' title='bbox 548 1800 612 1827; x_wconf 93' lang='lat' dir='ltr'>on</span> <span class='ocrx_word' id='word_1_172' title='bbox 635 1789 733 1828; x_wconf 88' lang='lat' dir='ltr'>enim</span> <span class='ocrx_word' id='word_1_173' title='bbox 769 1790 907 1828; x_wconf 88' lang='lat' dir='ltr'>hancce</span> <span class='ocrx_word' id='word_1_174' title='bbox 933 1790 1220 1839; x_wconf 84' lang='lat' dir='ltr'>proportionem</span> 
     </span>
     <span class='ocr_line' id='line_1_24' title="bbox 96 1859 1219 1910; baseline 0.002 -12"><span class='ocrx_word' id='word_1_175' title='bbox 96 1860 275 1909; x_wconf 88' lang='lat' dir='ltr'>optimam</span> <span class='ocrx_word' id='word_1_176' title='bbox 310 1859 452 1899; x_wconf 90' lang='lat' dir='ltr'>invenit</span> <span class='ocrx_word' id='word_1_177' title='bbox 481 1861 542 1908; x_wconf 84' lang='lat'>2).</span> <span class='ocrx_word' id='word_1_178' title='bbox 594 1859 775 1908; x_wconf 86' lang='lat' dir='ltr'>Sequenti</span> <span class='ocrx_word' id='word_1_179' title='bbox 799 1860 914 1898; x_wconf 90' lang='lat' dir='ltr'>modo</span> <span class='ocrx_word' id='word_1_180' title='bbox 936 1860 1120 1910; x_wconf 87' lang='lat' dir='ltr'>ejusmodi</span> <span class='ocrx_word' id='word_1_181' title='bbox 1137 1873 1219 1900; x_wconf 88' lang='lat' dir='ltr'>ace-</span> 
     </span>
    </p>
   </div>
   <div class='ocr_carea' id='block_1_3' title="bbox 94 1929 1222 2041">
    <p class='ocr_par' dir='ltr' id='par_1_3' title="bbox 94 1929 1222 2041">
     <span class='ocr_line' id='line_1_25' title="bbox 94 1929 1218 1981; baseline 0.003 -13"><span class='ocrx_word' id='word_1_182' title='bbox 94 1938 175 1970; x_wconf 85' lang='lat' dir='ltr'>tum</span> <span class='ocrx_word' id='word_1_183' title='bbox 208 1929 437 1969; x_wconf 82' lang='lat' dir='ltr'>conficitur:</span> <span class='ocrx_word' id='word_1_184' title='bbox 464 1930 643 1979; x_wconf 79' lang='lat' dir='ltr'>siquidem</span> <span class='ocrx_word' id='word_1_185' title='bbox 670 1942 705 1969; x_wconf 83' lang='lat' dir='ltr'>e.</span> <span class='ocrx_word' id='word_1_186' title='bbox 735 1941 773 1979; x_wconf 84' lang='lat' dir='ltr'>g.</span> <span class='ocrx_word' id='word_1_187' title='bbox 802 1929 1026 1970; x_wconf 85' lang='lat' dir='ltr'>conficiendi</span> <span class='ocrx_word' id='word_1_188' title='bbox 1049 1931 1120 1971; x_wconf 88' lang='lat' dir='ltr'>fint</span> <span class='ocrx_word' id='word_1_189' title='bbox 1141 1943 1218 1981; x_wconf 86' lang='lat'>400</span> 
     </span>
     <span class='ocr_line' id='line_1_26' title="bbox 1159 2004 1222 2041; baseline 0 0"><span class='ocrx_word' id='word_1_190' title='bbox 1159 2004 1222 2041; x_wconf 92' lang='lat' dir='ltr'>vel</span> 
     </span>
    </p>
   </div>
   <div class='ocr_carea' id='block_1_4' title="bbox 134 2121 1216 2160">
    <p class='ocr_par' dir='ltr' id='par_1_4' title="bbox 134 2121 1216 2160">
     <span class='ocr_line' id='line_1_27' title="bbox 134 2121 1216 2160; baseline 0.001 -7"><span class='ocrx_word' id='word_1_191' title='bbox 134 2121 168 2160; x_wconf 79' lang='grc' dir='ltr'>ι)</span> <span class='ocrx_word' id='word_1_192' title='bbox 188 2122 230 2153; x_wconf 80' lang='grc' dir='ltr'>Λ.</span> <span class='ocrx_word' id='word_1_193' title='bbox 252 2121 380 2159; x_wconf 82' lang='lat' dir='ltr'>Ypey‚</span> <span class='ocrx_word' id='word_1_194' title='bbox 402 2121 617 2158; x_wconf 78' lang='lat' dir='ltr'>systematisch</span> <span class='ocrx_word' id='word_1_195' title='bbox 636 2122 806 2153; x_wconf 75' lang='lat' dir='ltr'>Handboek</span> <span class='ocrx_word' id='word_1_196' title='bbox 827 2123 881 2152; x_wconf 82' lang='lat' dir='ltr'>der</span> <span class='ocrx_word' id='word_1_197' title='bbox 895 2122 1036 2160; x_wconf 58' lang='lat' dir='ltr'>schem„</span> <span class='ocrx_word' id='word_1_198' title='bbox 1058 2122 1216 2154; x_wconf 86' lang='lat' dir='ltr'>Tom.1V.</span> 
     </span>
    </p>
   </div>
   <div class='ocr_carea' id='block_1_5' title="bbox 100 2185 1225 2280">
    <p class='ocr_par' dir='ltr' id='par_1_5' title="bbox 100 2185 1225 2280">
     <span class='ocr_line' id='line_1_28' title="bbox 100 2185 259 2216; baseline -0.013 0"><span class='ocrx_word' id='word_1_199' title='bbox 100 2187 170 2216; x_wconf 69' lang='lat'>1³³8·</span> <span class='ocrx_word' id='word_1_200' title='bbox 190 2185 259 2215; x_wconf 83' lang='lat'><strong>277·</strong></span> 
     </span>
     <span class='ocr_line' id='line_1_29' title="bbox 137 2235 1225 2280; baseline 0.001 -12"><span class='ocrx_word' id='word_1_201' title='bbox 137 2237 173 2274; x_wconf 85' lang='lat'>2)</span> <span class='ocrx_word' id='word_1_202' title='bbox 193 2237 212 2267; x_wconf 89' lang='lat' dir='ltr'>S</span> <span class='ocrx_word' id='word_1_203' title='bbox 222 2235 270 2266; x_wconf 80' lang='lat' dir='ltr'>im</span> <span class='ocrx_word' id='word_1_204' title='bbox 280 2245 299 2266; x_wconf 91' lang='lat' dir='ltr'>o</span> <span class='ocrx_word' id='word_1_205' title='bbox 308 2244 327 2266; x_wconf 87' lang='lat' dir='ltr'>n</span> <span class='ocrx_word' id='word_1_206' title='bbox 336 2258 348 2275; x_wconf 88' lang='lat'><em>‚</em></span> <span class='ocrx_word' id='word_1_207' title='bbox 369 2236 759 2275; x_wconf 55' lang='lat' dir='ltr'>volstandigerunterricht</span> <span class='ocrx_word' id='word_1_208' title='bbox 778 2245 850 2268; x_wconf 91' lang='lat' dir='ltr'>vom</span> <span class='ocrx_word' id='word_1_209' title='bbox 859 2238 940 2275; x_wconf 73' lang='lat' dir='ltr'>Esfig</span> <span class='ocrx_word' id='word_1_210' title='bbox 950 2252 961 2261; x_wconf 91' lang='lat'>·</span> <span class='ocrx_word' id='word_1_211' title='bbox 973 2238 1085 2268; x_wconf 80' lang='lat' dir='ltr'>brauen</span> <span class='ocrx_word' id='word_1_212' title='bbox 1094 2258 1105 2277; x_wconf 89' lang='lat'>,</span> <span class='ocrx_word' id='word_1_213' title='bbox 1114 2238 1225 2280; x_wconf 75' lang='lat' dir='ltr'>Dresd.</span> 
     </span>
    </p>
   </div>
   <div class='ocr_carea' id='block_1_6' title="bbox 105 2295 276 2330">
    <p class='ocr_par' dir='ltr' id='par_1_6' title="bbox 105 2295 276 2330">
     <span class='ocr_line' id='line_1_30' title="bbox 105 2295 276 2330; baseline 0 -6"><span class='ocrx_word' id='word_1_214' title='bbox 105 2295 165 2324; x_wconf 53' lang='grc' dir='ltr'>ΔΟ.</span> <span class='ocrx_word' id='word_1_215' title='bbox 190 2295 276 2330; x_wconf 76' lang='lat'>1765.</span> 
     </span>
    </p>
   </div>
  </div>
 </body>
</html>
