<?xml version="1.0" encoding="UTF-8"?>
<!DOCTYPE html PUBLIC "-//W3C//DTD XHTML 1.0 Transitional//EN"
    "http://www.w3.org/TR/xhtml1/DTD/xhtml1-transitional.dtd">
<html xmlns="http://www.w3.org/1999/xhtml" xml:lang="en" lang="en">
 <head>
  <title>
</title>
<meta http-equiv="Content-Type" content="text/html;charset=utf-8" />
  <meta name='ocr-system' content='tesseract 3.04.00' />
  <meta name='ocr-capabilities' content='ocr_page ocr_carea ocr_par ocr_line ocrx_word'/>
</head>
<body>
  <div class='ocr_page' id='page_1' title='image "annalesacademiae29acad_0237.png"; bbox 0 0 1483 2860; ppageno 0'>
   <div class='ocr_carea' id='block_1_1' title="bbox 339 222 1209 283">
    <p class='ocr_par' dir='ltr' id='par_1_1' title="bbox 339 222 1209 283">
     <span class='ocr_line' id='line_1_1' title="bbox 339 222 1209 283; baseline 0.003 -17"><span class='ocrx_word' id='word_1_1' title='bbox 339 222 947 268; x_wconf 54' lang='lat' dir='ltr'><strong>Tusonoorcm</strong></span> <span class='ocrx_word' id='word_1_2' title='bbox 1161 234 1209 283; x_wconf 53' lang='grc' dir='ltr'><strong>ῃ</strong></span> 
     </span>
    </p>
   </div>
   <div class='ocr_carea' id='block_1_2' title="bbox 76 332 1208 1439">
    <p class='ocr_par' dir='ltr' id='par_1_2' title="bbox 80 332 1208 948">
     <span class='ocr_line' id='line_1_2' title="bbox 85 332 1208 386; baseline 0.004 -13"><span class='ocrx_word' id='word_1_3' title='bbox 85 332 284 384; x_wconf 69' lang='lat' dir='ltr'><strong>imperium</strong></span> <span class='ocrx_word' id='word_1_4' title='bbox 316 334 421 374; x_wconf 91' lang='lat' dir='ltr'><strong>suum</strong></span> <span class='ocrx_word' id='word_1_5' title='bbox 468 335 678 386; x_wconf 76' lang='lat' dir='ltr'><strong>redigeret,</strong></span> <span class='ocrx_word' id='word_1_6' title='bbox 713 348 838 386; x_wconf 89' lang='lat' dir='ltr'><strong>neque</strong></span> <span class='ocrx_word' id='word_1_7' title='bbox 864 345 933 376; x_wconf 84' lang='lat' dir='ltr'><strong>rex</strong></span> <span class='ocrx_word' id='word_1_8' title='bbox 965 344 1088 377; x_wconf 89' lang='lat' dir='ltr'><strong>tantae</strong></span> <span class='ocrx_word' id='word_1_9' title='bbox 1118 337 1208 377; x_wconf 82' lang='lat' dir='ltr'><strong>hos-</strong></span> 
     </span>
     <span class='ocr_line' id='line_1_3' title="bbox 84 397 1205 446; baseline 0.004 -4"><span class='ocrx_word' id='word_1_10' title='bbox 84 404 136 443; x_wconf 91' lang='lat' dir='ltr'><strong>tis</strong></span> <span class='ocrx_word' id='word_1_11' title='bbox 175 404 297 446; x_wconf 89' lang='lat' dir='ltr'><strong>futuri</strong></span> <span class='ocrx_word' id='word_1_12' title='bbox 333 404 506 445; x_wconf 89' lang='lat' dir='ltr'><strong>fortunae</strong></span> <span class='ocrx_word' id='word_1_13' title='bbox 547 397 628 445; x_wconf 91' lang='lat' dir='ltr'><strong>ullo</strong></span> <span class='ocrx_word' id='word_1_14' title='bbox 666 408 780 446; x_wconf 87' lang='lat' dir='ltr'><strong>modo</strong></span> <span class='ocrx_word' id='word_1_15' title='bbox 821 407 1030 446; x_wconf 81' lang='lat' dir='ltr'><strong>obsisteret.</strong></span> <span class='ocrx_word' id='word_1_16' title='bbox 1095 406 1205 446; x_wconf 81' lang='lat' dir='ltr'><strong>Brevi</strong></span> 
     </span>
     <span class='ocr_line' id='line_1_4' title="bbox 83 475 1208 517; baseline 0.001 -4"><span class='ocrx_word' id='word_1_17' title='bbox 83 475 222 514; x_wconf 82' lang='lat' dir='ltr'><strong>virium</strong></span> <span class='ocrx_word' id='word_1_18' title='bbox 257 477 562 516; x_wconf 87' lang='lat' dir='ltr'><strong>Normannorum</strong></span> <span class='ocrx_word' id='word_1_19' title='bbox 597 477 882 516; x_wconf 85' lang='lat' dir='ltr'><strong>increscentium</strong></span> <span class='ocrx_word' id='word_1_20' title='bbox 912 476 1067 517; x_wconf 86' lang='lat' dir='ltr'><strong>effectus</strong></span> <span class='ocrx_word' id='word_1_21' title='bbox 1101 476 1208 515; x_wconf 75' lang='lat' dir='ltr'><strong>sensit</strong></span> 
     </span>
     <span class='ocr_line' id='line_1_5' title="bbox 83 546 1208 597; baseline -0.001 -11"><span class='ocrx_word' id='word_1_22' title='bbox 83 546 313 596; x_wconf 78' lang='lat' dir='ltr'><strong>Philippu53</strong></span> <span class='ocrx_word' id='word_1_23' title='bbox 365 548 522 597; x_wconf 83' lang='lat' dir='ltr'><strong>Angliae</strong></span> <span class='ocrx_word' id='word_1_24' title='bbox 571 549 669 586; x_wconf 90' lang='lat' dir='ltr'><strong>enim</strong></span> <span class='ocrx_word' id='word_1_25' title='bbox 708 547 927 587; x_wconf 83' lang='lat' dir='ltr'><strong>Debellator</strong></span> <span class='ocrx_word' id='word_1_26' title='bbox 973 548 1013 586; x_wconf 92' lang='lat' dir='ltr'><strong>in</strong></span> <span class='ocrx_word' id='word_1_27' title='bbox 1049 547 1208 586; x_wconf 84' lang='lat' dir='ltr'><strong>mediam</strong></span> 
     </span>
     <span class='ocr_line' id='line_1_6' title="bbox 84 616 1208 667; baseline -0.001 -11"><span class='ocrx_word' id='word_1_28' title='bbox 84 616 245 656; x_wconf 85' lang='lat' dir='ltr'><strong>Galliam</strong></span> <span class='ocrx_word' id='word_1_29' title='bbox 275 628 372 657; x_wconf 87' lang='lat' dir='ltr'><strong>arma</strong></span> <span class='ocrx_word' id='word_1_30' title='bbox 406 618 524 667; x_wconf 85' lang='lat' dir='ltr'><strong>tulit,</strong></span> <span class='ocrx_word' id='word_1_31' title='bbox 558 628 596 657; x_wconf 91' lang='lat' dir='ltr'><strong>et</strong></span> <span class='ocrx_word' id='word_1_32' title='bbox 629 621 710 658; x_wconf 67' lang='lat' dir='ltr'><strong>tota</strong></span> <span class='ocrx_word' id='word_1_33' title='bbox 739 619 891 667; x_wconf 89' lang='lat' dir='ltr'><strong>regione</strong></span> <span class='ocrx_word' id='word_1_34' title='bbox 925 618 1081 657; x_wconf 89' lang='lat' dir='ltr'><strong>fortasse</strong></span> <span class='ocrx_word' id='word_1_35' title='bbox 1107 617 1208 666; x_wconf 87' lang='lat' dir='ltr'><strong>poti-</strong></span> 
     </span>
     <span class='ocr_line' id='line_1_7' title="bbox 80 686 1206 738; baseline 0.001 -13"><span class='ocrx_word' id='word_1_36' title='bbox 80 693 147 725; x_wconf 85' lang='lat' dir='ltr'><strong>tus</strong></span> <span class='ocrx_word' id='word_1_37' title='bbox 178 686 335 734; x_wconf 78' lang='lat' dir='ltr'><strong>fuisset,</strong></span> <span class='ocrx_word' id='word_1_38' title='bbox 364 687 431 726; x_wconf 79' lang='lat' dir='ltr'><strong>nifi</strong></span> <span class='ocrx_word' id='word_1_39' title='bbox 458 698 560 726; x_wconf 88' lang='lat' dir='ltr'><strong>mors</strong></span> <span class='ocrx_word' id='word_1_40' title='bbox 587 688 766 726; x_wconf 89' lang='lat' dir='ltr'><strong>victorem</strong></span> <span class='ocrx_word' id='word_1_41' title='bbox 800 688 1067 738; x_wconf 88' lang='lat' dir='ltr'><strong>intercepisset.</strong></span> <span class='ocrx_word' id='word_1_42' title='bbox 1097 688 1206 727; x_wconf 91' lang='lat' dir='ltr'><strong>Eun-</strong></span> 
     </span>
     <span class='ocr_line' id='line_1_8' title="bbox 82 756 1206 807; baseline 0 -13"><span class='ocrx_word' id='word_1_43' title='bbox 82 756 167 795; x_wconf 89' lang='lat' dir='ltr'><strong>dem</strong></span> <span class='ocrx_word' id='word_1_44' title='bbox 202 757 415 806; x_wconf 83' lang='lat' dir='ltr'>Philippum</span> <span class='ocrx_word' id='word_1_45' title='bbox 443 769 527 807; x_wconf 89' lang='lat' dir='ltr'><strong>erga</strong></span> <span class='ocrx_word' id='word_1_46' title='bbox 551 756 778 807; x_wconf 88' lang='lat' dir='ltr'><strong>Gregorium</strong></span> <span class='ocrx_word' id='word_1_47' title='bbox 805 758 988 807; x_wconf 87' lang='lat' dir='ltr'><strong>ignaviter</strong></span> <span class='ocrx_word' id='word_1_48' title='bbox 1011 770 1052 796; x_wconf 89' lang='lat' dir='ltr'><strong>se</strong></span> <span class='ocrx_word' id='word_1_49' title='bbox 1074 767 1206 806; x_wconf 89' lang='lat' dir='ltr'><strong>geren-</strong></span> 
     </span>
     <span class='ocr_line' id='line_1_9' title="bbox 82 826 1205 880; baseline 0 -15"><span class='ocrx_word' id='word_1_50' title='bbox 82 834 185 874; x_wconf 79' lang='lat' dir='ltr'><strong>tem,</strong></span> <span class='ocrx_word' id='word_1_51' title='bbox 230 826 270 866; x_wconf 92' lang='lat' dir='ltr'><strong>in</strong></span> <span class='ocrx_word' id='word_1_52' title='bbox 300 828 414 868; x_wconf 85' lang='lat' dir='ltr'><strong>altera</strong></span> <span class='ocrx_word' id='word_1_53' title='bbox 439 828 552 880; x_wconf 87' lang='lat' dir='ltr'><strong>hujus</strong></span> <span class='ocrx_word' id='word_1_54' title='bbox 590 828 917 868; x_wconf 85' lang='lat' dir='ltr'><strong>commentationis</strong></span> <span class='ocrx_word' id='word_1_55' title='bbox 957 837 1064 879; x_wconf 89' lang='lat' dir='ltr'><strong>parte</strong></span> <span class='ocrx_word' id='word_1_56' title='bbox 1099 827 1205 866; x_wconf 67' lang='lat' dir='ltr'><strong>inve-</strong></span> 
     </span>
     <span class='ocr_line' id='line_1_10' title="bbox 82 896 342 948; baseline 0.012 -13"><span class='ocrx_word' id='word_1_57' title='bbox 82 896 229 938; x_wconf 85' lang='lat' dir='ltr'><strong>niemus</strong></span> <span class='ocrx_word' id='word_1_58' title='bbox 257 899 342 948; x_wconf 87' lang='lat'>(1).</span> 
     </span>
    </p>

    <p class='ocr_par' dir='ltr' id='par_1_3' title="bbox 76 967 1204 1439">
     <span class='ocr_line' id='line_1_11' title="bbox 132 967 1204 1019; baseline -0.001 -11"><span class='ocrx_word' id='word_1_59' title='bbox 132 969 308 1018; x_wconf 82' lang='lat' dir='ltr'><strong>AngIos,</strong></span> <span class='ocrx_word' id='word_1_60' title='bbox 334 977 377 1007; x_wconf 94' lang='lat' dir='ltr'><strong>ut</strong></span> <span class='ocrx_word' id='word_1_61' title='bbox 395 969 470 1019; x_wconf 75' lang='lat' dir='ltr'><strong>iam</strong></span> <span class='ocrx_word' id='word_1_62' title='bbox 492 967 680 1014; x_wconf 86' lang='lat' dir='ltr'><strong>diximus..</strong></span> <span class='ocrx_word' id='word_1_63' title='bbox 707 969 983 1010; x_wconf 84' lang='lat' dir='ltr'><strong>Germanorum</strong></span> <span class='ocrx_word' id='word_1_64' title='bbox 1005 968 1168 1008; x_wconf 86' lang='lat' dir='ltr'><strong>indolem</strong></span> <span class='ocrx_word' id='word_1_65' title='bbox 1187 990 1204 1018; x_wconf 88' lang='lat'><strong>,-</strong></span> 
     </span>
     <span class='ocr_line' id='line_1_12' title="bbox 81 1037 1204 1088; baseline 0.001 -12"><span class='ocrx_word' id='word_1_66' title='bbox 81 1037 198 1085; x_wconf 86' lang='lat' dir='ltr'><strong>magis</strong></span> <span class='ocrx_word' id='word_1_67' title='bbox 225 1049 335 1086; x_wconf 87' lang='lat' dir='ltr'><strong>quam</strong></span> <span class='ocrx_word' id='word_1_68' title='bbox 354 1038 488 1078; x_wconf 91' lang='lat' dir='ltr'><strong>Gallos</strong></span> <span class='ocrx_word' id='word_1_69' title='bbox 505 1066 519 1086; x_wconf 86' lang='lat'><strong>‚</strong></span> <span class='ocrx_word' id='word_1_70' title='bbox 546 1038 740 1088; x_wconf 84' lang='lat' dir='ltr'><strong>retulisse,</strong></span> <span class='ocrx_word' id='word_1_71' title='bbox 766 1039 981 1088; x_wconf 88' lang='lat' dir='ltr'><strong>cuicunque</strong></span> <span class='ocrx_word' id='word_1_72' title='bbox 1006 1039 1204 1087; x_wconf 86' lang='lat' dir='ltr'><strong>utriusque</strong></span> 
     </span>
     <span class='ocr_line' id='line_1_13' title="bbox 80 1106 1204 1158; baseline 0.003 -14"><span class='ocrx_word' id='word_1_73' title='bbox 80 1106 202 1158; x_wconf 86' lang='lat' dir='ltr'><strong>gentis</strong></span> <span class='ocrx_word' id='word_1_74' title='bbox 229 1118 380 1154; x_wconf 86' lang='lat' dir='ltr'><strong>mores,</strong></span> <span class='ocrx_word' id='word_1_75' title='bbox 426 1109 672 1146; x_wconf 86' lang='lat' dir='ltr'><strong>characterem</strong></span> <span class='ocrx_word' id='word_1_76' title='bbox 708 1117 745 1147; x_wconf 91' lang='lat' dir='ltr'><strong>et</strong></span> <span class='ocrx_word' id='word_1_77' title='bbox 776 1109 851 1147; x_wconf 89' lang='lat' dir='ltr'><strong>fata</strong></span> <span class='ocrx_word' id='word_1_78' title='bbox 875 1108 1063 1156; x_wconf 88' lang='lat' dir='ltr'><strong>reputanti</strong></span> <span class='ocrx_word' id='word_1_79' title='bbox 1094 1109 1204 1147; x_wconf 87' lang='lat' dir='ltr'><strong>facile·</strong></span> 
     </span>
     <span class='ocr_line' id='line_1_14' title="bbox 79 1175 1200 1229; baseline 0.002 -15"><span class='ocrx_word' id='word_1_80' title='bbox 79 1177 238 1227; x_wconf 89' lang='lat' dir='ltr'><strong>patebit.</strong></span> <span class='ocrx_word' id='word_1_81' title='bbox 293 1178 353 1215; x_wconf 87' lang='lat' dir='ltr'><strong>Ex</strong></span> <span class='ocrx_word' id='word_1_82' title='bbox 386 1175 524 1225; x_wconf 87' lang='lat' dir='ltr'><strong>septem</strong></span> <span class='ocrx_word' id='word_1_83' title='bbox 551 1177 704 1226; x_wconf 79' lang='lat' dir='ltr'><strong>regnis,</strong></span> <span class='ocrx_word' id='word_1_84' title='bbox 732 1178 969 1229; x_wconf 81' lang='lat' dir='ltr'><strong>Heptarchia</strong></span> <span class='ocrx_word' id='word_1_85' title='bbox 995 1178 1132 1226; x_wconf 82' lang='lat' dir='ltr'><strong>dictis,</strong></span> <span class='ocrx_word' id='word_1_86' title='bbox 1159 1178 1200 1216; x_wconf 89' lang='lat' dir='ltr'><strong>in</strong></span> 
     </span>
     <span class='ocr_line' id='line_1_15' title="bbox 79 1246 1199 1298; baseline 0 -11"><span class='ocrx_word' id='word_1_87' title='bbox 79 1246 151 1287; x_wconf 67' lang='lat' dir='ltr'><strong>hac</strong></span> <span class='ocrx_word' id='word_1_88' title='bbox 188 1247 340 1298; x_wconf 85' lang='lat' dir='ltr'><strong>regione</strong></span> <span class='ocrx_word' id='word_1_89' title='bbox 377 1259 398 1286; x_wconf 85' lang='lat' dir='ltr'><strong>a</strong></span> <span class='ocrx_word' id='word_1_90' title='bbox 433 1247 646 1286; x_wconf 89' lang='lat' dir='ltr'><strong>Saxonibus</strong></span> <span class='ocrx_word' id='word_1_91' title='bbox 680 1248 842 1287; x_wconf 90' lang='lat' dir='ltr'><strong>conditis</strong></span> <span class='ocrx_word' id='word_1_92' title='bbox 880 1249 1030 1298; x_wconf 82' lang='lat'>(440),</span> <span class='ocrx_word' id='word_1_93' title='bbox 1057 1259 1199 1298; x_wconf 88' lang='lat' dir='ltr'><strong>unum,</strong></span> 
     </span>
     <span class='ocr_line' id='line_1_16' title="bbox 76 1317 1202 1368; baseline 0 -11"><span class='ocrx_word' id='word_1_94' title='bbox 76 1318 295 1358; x_wconf 85' lang='lat' dir='ltr'><strong>auctoribus</strong></span> <span class='ocrx_word' id='word_1_95' title='bbox 331 1317 472 1363; x_wconf 85' lang='lat' dir='ltr'><strong>Danis,</strong></span> <span class='ocrx_word' id='word_1_96' title='bbox 503 1317 695 1356; x_wconf 82' lang='lat' dir='ltr'><strong>exstiterat</strong></span> <span class='ocrx_word' id='word_1_97' title='bbox 719 1325 875 1367; x_wconf 84' lang='lat' dir='ltr'><strong>regnum</strong></span> <span class='ocrx_word' id='word_1_98' title='bbox 908 1318 1068 1368; x_wconf 81' lang='lat'><em>(1017).</em></span> <span class='ocrx_word' id='word_1_99' title='bbox 1098 1318 1202 1358; x_wconf 70' lang='lat' dir='ltr'><strong>Uni-</strong></span> 
     </span>
     <span class='ocr_line' id='line_1_17' title="bbox 76 1386 1196 1439; baseline -0.003 -9"><span class='ocrx_word' id='word_1_100' title='bbox 76 1401 162 1430; x_wconf 90' lang='lat' dir='ltr'><strong>mus</strong></span> <span class='ocrx_word' id='word_1_101' title='bbox 189 1401 234 1428; x_wconf 84' lang='lat' dir='ltr'><strong>ex</strong></span> <span class='ocrx_word' id='word_1_102' title='bbox 256 1388 367 1438; x_wconf 82' lang='lat' dir='ltr'><strong>stirpe</strong></span> <span class='ocrx_word' id='word_1_103' title='bbox 389 1389 581 1427; x_wconf 90' lang='lat' dir='ltr'><strong>Danorum</strong></span> <span class='ocrx_word' id='word_1_104' title='bbox 607 1399 672 1427; x_wconf 86' lang='lat' dir='ltr'><strong>rex</strong></span> <span class='ocrx_word' id='word_1_105' title='bbox 694 1386 770 1426; x_wconf 85' lang='lat' dir='ltr'><strong>fuit</strong></span> <span class='ocrx_word' id='word_1_106' title='bbox 792 1388 992 1427; x_wconf 89' lang='lat' dir='ltr'><strong>Eduardus</strong></span> <span class='ocrx_word' id='word_1_107' title='bbox 1019 1389 1196 1439; x_wconf 81' lang='lat'><strong>(1043);</strong></span> 
     </span>
    </p>
   </div>
   <div class='ocr_carea' id='block_1_3' title="bbox 44 1454 1203 1509">
    <p class='ocr_par' dir='ltr' id='par_1_4' title="bbox 44 1454 1203 1509">
     <span class='ocr_line' id='line_1_18' title="bbox 44 1454 1203 1509; baseline -0.001 -10"><span class='ocrx_word' id='word_1_108' title='bbox 44 1454 46 1457; x_wconf 68' lang='grc'>’</span> <span class='ocrx_word' id='word_1_109' title='bbox 78 1464 156 1509; x_wconf 81' lang='lat' dir='ltr'><strong>q&#39;uo</strong></span> <span class='ocrx_word' id='word_1_110' title='bbox 191 1459 267 1499; x_wconf 83' lang='lat' dir='ltr'><strong>fine</strong></span> <span class='ocrx_word' id='word_1_111' title='bbox 303 1459 411 1508; x_wconf 89' lang='lat' dir='ltr'><strong>prole</strong></span> <span class='ocrx_word' id='word_1_112' title='bbox 448 1457 659 1507; x_wconf 83' lang='lat' dir='ltr'><strong>defuncto,</strong></span> <span class='ocrx_word' id='word_1_113' title='bbox 709 1457 849 1507; x_wconf 85' lang='lat' dir='ltr'><strong>Anglia</strong></span> <span class='ocrx_word' id='word_1_114' title='bbox 880 1457 1007 1498; x_wconf 89' lang='lat' dir='ltr'><strong>rursus</strong></span> <span class='ocrx_word' id='word_1_115' title='bbox 1045 1460 1203 1499; x_wconf 68' lang='lat' dir='ltr'><strong>cuicun-</strong></span> 
     </span>
    </p>
   </div>
   <div class='ocr_carea' id='block_1_4' title="bbox 75 1527 1205 1648">
    <p class='ocr_par' dir='ltr' id='par_1_5' title="bbox 75 1527 1205 1648">
     <span class='ocr_line' id='line_1_19' title="bbox 76 1527 1201 1580; baseline -0.001 -9"><span class='ocrx_word' id='word_1_116' title='bbox 76 1542 152 1580; x_wconf 90' lang='lat' dir='ltr'><strong>que</strong></span> <span class='ocrx_word' id='word_1_117' title='bbox 188 1533 320 1578; x_wconf 87' lang='lat' dir='ltr'><strong>magna</strong></span> <span class='ocrx_word' id='word_1_118' title='bbox 357 1527 576 1577; x_wconf 85' lang='lat' dir='ltr'><strong>suscipienti</strong></span> <span class='ocrx_word' id='word_1_119' title='bbox 615 1539 656 1567; x_wconf 89' lang='lat' dir='ltr'><strong>ac</strong></span> <span class='ocrx_word' id='word_1_120' title='bbox 682 1528 835 1567; x_wconf 83' lang='lat' dir='ltr'><strong>fortuna</strong></span> <span class='ocrx_word' id='word_1_121' title='bbox 866 1528 997 1568; x_wconf 89' lang='lat' dir='ltr'><strong>fidenti</strong></span> <span class='ocrx_word' id='word_1_122' title='bbox 1033 1530 1201 1578; x_wconf 75' lang='lat' dir='ltr'><strong>patebat.-</strong></span> 
     </span>
     <span class='ocr_line' id='line_1_20' title="bbox 75 1597 1205 1648; baseline -0.003 -9"><span class='ocrx_word' id='word_1_123' title='bbox 75 1600 208 1640; x_wconf 86' lang='lat' dir='ltr'><strong>Talem</strong></span> <span class='ocrx_word' id='word_1_124' title='bbox 243 1597 564 1648; x_wconf 88' lang='lat' dir='ltr'><strong>opportunitatem</strong></span> <span class='ocrx_word' id='word_1_125' title='bbox 597 1598 784 1647; x_wconf 85' lang='lat' dir='ltr'><strong>negligere</strong></span> <span class='ocrx_word' id='word_1_126' title='bbox 807 1609 886 1637; x_wconf 91' lang='lat' dir='ltr'><strong>non</strong></span> <span class='ocrx_word' id='word_1_127' title='bbox 910 1607 986 1638; x_wconf 91' lang='lat' dir='ltr'><strong>erat</strong></span> <span class='ocrx_word' id='word_1_128' title='bbox 1012 1598 1205 1639; x_wconf 52' lang='lat' dir='ltr'><strong>Normana</strong></span> 
     </span>
    </p>
   </div>
   <div class='ocr_carea' id='block_1_5' title="bbox 71 1666 1201 1786">
    <p class='ocr_par' dir='ltr' id='par_1_6' title="bbox 71 1666 1201 1786">
     <span class='ocr_line' id='line_1_21' title="bbox 72 1666 1201 1717; baseline -0.002 -7"><span class='ocrx_word' id='word_1_129' title='bbox 72 1681 234 1717; x_wconf 77' lang='lat' dir='ltr'><strong>norum3</strong></span> <span class='ocrx_word' id='word_1_130' title='bbox 287 1669 515 1708; x_wconf 88' lang='lat' dir='ltr'><strong>Guilielmus</strong></span> <span class='ocrx_word' id='word_1_131' title='bbox 545 1668 597 1707; x_wconf 83' lang='lat' dir='ltr'><strong>ita</strong></span> <span class='ocrx_word' id='word_1_132' title='bbox 637 1670 823 1707; x_wconf 90' lang='lat' dir='ltr'><strong>continuo</strong></span> <span class='ocrx_word' id='word_1_133' title='bbox 869 1670 963 1706; x_wconf 78' lang='lat' dir='ltr'><strong>hanc</strong></span> <span class='ocrx_word' id='word_1_134' title='bbox 1007 1666 1201 1716; x_wconf 82' lang='lat' dir='ltr'><strong>regionem</strong></span> 
     </span>
     <span class='ocr_line' id='line_1_22' title="bbox 71 1734 1201 1786; baseline -0.004 -7"><span class='ocrx_word' id='word_1_135' title='bbox 71 1751 158 1779; x_wconf 82' lang='lat' dir='ltr'><strong>eum</strong></span> <span class='ocrx_word' id='word_1_136' title='bbox 184 1736 307 1786; x_wconf 89' lang='lat' dir='ltr'><strong>copiis</strong></span> <span class='ocrx_word' id='word_1_137' title='bbox 342 1736 442 1774; x_wconf 89' lang='lat' dir='ltr'><strong>haud</strong></span> <span class='ocrx_word' id='word_1_138' title='bbox 480 1734 761 1772; x_wconf 89' lang='lat' dir='ltr'><strong>contemnendis</strong></span> <span class='ocrx_word' id='word_1_139' title='bbox 793 1736 985 1783; x_wconf 79' lang='lat' dir='ltr'><strong>aggressus</strong></span> <span class='ocrx_word' id='word_1_140' title='bbox 1015 1745 1101 1784; x_wconf 84' lang='lat' dir='ltr'><strong>est,</strong></span> <span class='ocrx_word' id='word_1_141' title='bbox 1127 1742 1165 1774; x_wconf 79' lang='lat' dir='ltr'><strong>e&#39;t</strong></span> <span class='ocrx_word' id='word_1_142' title='bbox 1183 1758 1201 1785; x_wconf 84' lang='lat'><strong>‚-</strong></span> 
     </span>
    </p>
   </div>
   <div class='ocr_carea' id='block_1_6' title="bbox 72 1804 1201 2349">
    <p class='ocr_par' dir='ltr' id='par_1_7' title="bbox 72 1804 1201 2267">
     <span class='ocr_line' id='line_1_23' title="bbox 72 1804 1200 1854; baseline -0.004 -4"><span class='ocrx_word' id='word_1_143' title='bbox 72 1809 221 1850; x_wconf 82' lang='lat' dir='ltr'><strong>devicto</strong></span> <span class='ocrx_word' id='word_1_144' title='bbox 251 1805 530 1852; x_wconf 83' lang='lat' dir='ltr'><strong>Milcolumbo,</strong></span> <span class='ocrx_word' id='word_1_145' title='bbox 558 1804 736 1843; x_wconf 87' lang='lat' dir='ltr'><strong>Scothiae</strong></span> <span class='ocrx_word' id='word_1_146' title='bbox 768 1814 873 1853; x_wconf 85' lang='lat' dir='ltr'><strong>rege,</strong></span> <span class='ocrx_word' id='word_1_147' title='bbox 914 1806 1068 1854; x_wconf 86' lang='lat' dir='ltr'><strong>expulso</strong></span> <span class='ocrx_word' id='word_1_148' title='bbox 1095 1814 1200 1846; x_wconf 65' lang='lat' dir='ltr'><strong>com-³</strong></span> 
     </span>
     <span class='ocr_line' id='line_1_24' title="bbox 75 1873 1199 1932; baseline -0.004 -13"><span class='ocrx_word' id='word_1_149' title='bbox 75 1880 238 1932; x_wconf 83' lang='lat' dir='ltr'><strong>petitore</strong></span> <span class='ocrx_word' id='word_1_150' title='bbox 259 1876 436 1926; x_wconf 87' lang='lat' dir='ltr'><strong>Edgardo</strong></span> <span class='ocrx_word' id='word_1_151' title='bbox 452 1904 465 1923; x_wconf 81' lang='grc'><strong>,</strong></span> <span class='ocrx_word' id='word_1_152' title='bbox 494 1873 617 1913; x_wconf 88' lang='lat' dir='ltr'><strong>occiso</strong></span> <span class='ocrx_word' id='word_1_153' title='bbox 644 1875 791 1913; x_wconf 88' lang='lat' dir='ltr'><strong>aemulo</strong></span> <span class='ocrx_word' id='word_1_154' title='bbox 807 1895 810 1898; x_wconf 42' lang='lat'><strong>⁴</strong></span> <span class='ocrx_word' id='word_1_155' title='bbox 824 1874 988 1912; x_wconf 88' lang='lat' dir='ltr'><strong>Heraldo</strong></span> <span class='ocrx_word' id='word_1_156' title='bbox 1005 1903 1018 1923; x_wconf 79' lang='grc'>,</span> <span class='ocrx_word' id='word_1_157' title='bbox 1044 1883 1199 1924; x_wconf 82' lang='lat' dir='ltr'><strong>regnum</strong></span> 
     </span>
     <span class='ocr_line' id='line_1_25' title="bbox 77 1943 1201 1998; baseline -0.006 -7"><span class='ocrx_word' id='word_1_158' title='bbox 77 1951 152 1992; x_wconf 86' lang='lat' dir='ltr'><strong>sibi</strong></span> <span class='ocrx_word' id='word_1_159' title='bbox 183 1948 329 1998; x_wconf 89' lang='lat' dir='ltr'><strong>subegit</strong></span> <span class='ocrx_word' id='word_1_160' title='bbox 359 1946 580 1996; x_wconf 85' lang='lat' dir='ltr'><strong>Anglosque</strong></span> <span class='ocrx_word' id='word_1_161' title='bbox 615 1945 703 1994; x_wconf 89' lang='lat' dir='ltr'><strong>plus</strong></span> <span class='ocrx_word' id='word_1_162' title='bbox 736 1943 843 1982; x_wconf 82' lang='lat' dir='ltr'><strong>semel</strong></span> <span class='ocrx_word' id='word_1_163' title='bbox 876 1943 1096 1982; x_wconf 79' lang='lat' dir='ltr'><strong>rebellantes</strong></span> <span class='ocrx_word' id='word_1_164' title='bbox 1132 1946 1201 1984; x_wconf 70' lang='grc' dir='ltr'><strong>ἀο-ἱ</strong></span> 
     </span>
     <span class='ocr_line' id='line_1_26' title="bbox 79 2013 1199 2064; baseline -0.006 -3"><span class='ocrx_word' id='word_1_165' title='bbox 79 2021 191 2061; x_wconf 87' lang='lat' dir='ltr'><strong>muit.</strong></span> <span class='ocrx_word' id='word_1_166' title='bbox 253 2019 384 2059; x_wconf 69' lang='lat' dir='ltr'><strong>Pacata</strong></span> <span class='ocrx_word' id='word_1_167' title='bbox 427 2016 572 2054; x_wconf 89' lang='lat' dir='ltr'><strong>tandem</strong></span> <span class='ocrx_word' id='word_1_168' title='bbox 608 2015 679 2053; x_wconf 65' lang='lat' dir='ltr'><strong>hac</strong></span> <span class='ocrx_word' id='word_1_169' title='bbox 715 2013 893 2062; x_wconf 85' lang='lat' dir='ltr'><strong>regione,</strong></span> <span class='ocrx_word' id='word_1_170' title='bbox 935 2026 994 2052; x_wconf 89' lang='lat' dir='ltr'><strong>res</strong></span> <span class='ocrx_word' id='word_1_171' title='bbox 1027 2015 1199 2064; x_wconf 81' lang='lat' dir='ltr'><strong>publicas</strong></span> 
     </span>
     <span class='ocr_line' id='line_1_27' title="bbox 79 2084 1199 2136; baseline -0.006 -5"><span class='ocrx_word' id='word_1_172' title='bbox 79 2089 267 2132; x_wconf 84' lang='lat' dir='ltr'><strong>ordinavit</strong></span> <span class='ocrx_word' id='word_1_173' title='bbox 281 2117 293 2136; x_wconf 85' lang='lat'>‚</span> <span class='ocrx_word' id='word_1_174' title='bbox 309 2087 452 2126; x_wconf 88' lang='lat' dir='ltr'><strong>animos</strong></span> <span class='ocrx_word' id='word_1_175' title='bbox 472 2084 631 2133; x_wconf 63' lang='lat' dir='ltr'><strong>sedavit,</strong></span> <span class='ocrx_word' id='word_1_176' title='bbox 654 2092 691 2123; x_wconf 90' lang='lat' dir='ltr'><strong>et</strong></span> <span class='ocrx_word' id='word_1_177' title='bbox 712 2085 881 2134; x_wconf 76' lang='lat' dir='ltr'><strong>Treugae</strong></span> <span class='ocrx_word' id='word_1_178' title='bbox 903 2085 1092 2129; x_wconf 81' lang='lat' dir='ltr'><strong>edictum..</strong></span> <span class='ocrx_word' id='word_1_179' title='bbox 1120 2098 1199 2134; x_wconf 87' lang='lat' dir='ltr'><strong>quo</strong></span> 
     </span>
     <span class='ocr_line' id='line_1_28' title="bbox 77 2153 1200 2208; baseline -0.007 -5"><span class='ocrx_word' id='word_1_180' title='bbox 77 2161 193 2203; x_wconf 78' lang='lat' dir='ltr'><strong>certis</strong></span> <span class='ocrx_word' id='word_1_181' title='bbox 225 2158 358 2200; x_wconf 88' lang='lat' dir='ltr'><strong>diebus</strong></span> <span class='ocrx_word' id='word_1_182' title='bbox 393 2158 455 2208; x_wconf 83' lang='lat' dir='ltr'><strong>jus</strong></span> <span class='ocrx_word' id='word_1_183' title='bbox 487 2155 653 2206; x_wconf 82' lang='lat' dir='ltr'><strong>privatae</strong></span> <span class='ocrx_word' id='word_1_184' title='bbox 688 2153 871 2194; x_wconf 83' lang='lat' dir='ltr'><strong>vindictae</strong></span> <span class='ocrx_word' id='word_1_185' title='bbox 898 2159 1069 2195; x_wconf 77' lang='lat' dir='ltr'><strong>exercere</strong></span> <span class='ocrx_word' id='word_1_186' title='bbox 1097 2164 1200 2196; x_wconf 84' lang='lat' dir='ltr'><strong>veta-</strong></span> 
     </span>
     <span class='ocr_line' id='line_1_29' title="bbox 1133 2228 1197 2267; baseline 0.016 -1"><span class='ocrx_word' id='word_1_187' title='bbox 1133 2228 1197 2267; x_wconf 77' lang='lat' dir='ltr'><strong>ba-</strong></span> 
     </span>
    </p>

    <p class='ocr_par' dir='ltr' id='par_1_8' title="bbox 117 2307 1197 2349">
     <span class='ocr_line' id='line_1_30' title="bbox 117 2307 1197 2349; baseline -0.002 -8"><span class='ocrx_word' id='word_1_188' title='bbox 117 2311 171 2349; x_wconf 82' lang='lat'><strong>(1)</strong></span> <span class='ocrx_word' id='word_1_189' title='bbox 190 2311 372 2341; x_wconf 73' lang='lat' dir='ltr'><strong>conferatur</strong></span> <span class='ocrx_word' id='word_1_190' title='bbox 385 2309 476 2346; x_wconf 68' lang='lat' dir='ltr'><strong>hujus</strong></span> <span class='ocrx_word' id='word_1_191' title='bbox 494 2307 768 2340; x_wconf 81' lang='lat' dir='ltr'><strong>commentationis</strong></span> <span class='ocrx_word' id='word_1_192' title='bbox 784 2308 864 2339; x_wconf 81' lang='lat' dir='ltr'><strong>Part.</strong></span> <span class='ocrx_word' id='word_1_193' title='bbox 884 2308 1025 2345; x_wconf 67' lang='lat' dir='ltr'><strong>11.:cap.</strong></span> <span class='ocrx_word' id='word_1_194' title='bbox 1046 2309 1091 2341; x_wconf 84' lang='lat'><strong>11.</strong></span> <span class='ocrx_word' id='word_1_195' title='bbox 1113 2310 1141 2348; x_wconf 76' lang='lat'><strong>§-</strong></span> <span class='ocrx_word' id='word_1_196' title='bbox 1161 2312 1197 2348; x_wconf 73' lang='grc'><strong>4.·</strong></span> 
     </span>
    </p>
   </div>
   <div class='ocr_carea' id='block_1_7' title="bbox 617 2365 652 2404">
    <p class='ocr_par' dir='ltr' id='par_1_9' title="bbox 617 2365 652 2404">
     <span class='ocr_line' id='line_1_31' title="bbox 617 2365 652 2404; baseline 0 0"><span class='ocrx_word' id='word_1_197' title='bbox 617 2365 652 2404; x_wconf 91' lang='lat' dir='ltr'>C</span> 
     </span>
    </p>
   </div>
  </div>
 </body>
</html>
