1483 2860
267 205 316 244 70
487 194 1151 252 COMMENTArio

261 304 473 344 ventionem
510 305 746 343 deducuntur
768 332 783 351 ‚
825 305 908 354 jure
951 314 1082 342 nostro
1120 302 1359 342 transfertur:

260 375 421 413 Romani
448 387 536 413 vero
568 374 800 413 sanciverunt
817 372 1009 422 regulam3
1037 384 1114 411 non
1143 374 1252 411 nudis
1287 384 1374 422 pac-

259 445 309 483 tis
337 444 397 483 sed
429 444 692 482 traditionibus
723 444 885 482 dominia
918 455 1039 482 rerum
1077 442 1367 481 transferuntur.

258 517 327 556 Per
357 515 595 563 exceptiones
622 527 712 553 vero
736 517 820 565 jure
853 526 987 554 nostro
1021 527 1042 552 a
1068 514 1194 562 regula
1220 524 1371 567 genera-

257 585 285 634 li
320 585 530 634 propositas
549 614 562 634 ‚
587 588 704 623 malos
737 584 918 632 effectus,
948 585 1014 633 qui
1048 596 1095 623 ex
1130 596 1173 622 ea
1197 582 1371 636 proveni-

256 667 296 694 re
314 655 471 704 possunt
487 685 501 705 ,
524 657 617 707 juris
639 657 668 695 F
671 656 806 695 rancici
829 665 1000 694 auctores
1024 654 1237 707 praecidere
1259 664 1375 691 cona·

259 724 291 766 ti
324 724 425 765 sunt.
1170 771 1172 775 ‚
1242 765 1249 775 A
1287 772 1313 775 Η

309 796 425 846 Quod
454 805 574 834 autem
612 795 751 844 spectat
780 794 1076 834 convenientiam
1109 794 1206 832 inter
1227 801 1371 832 utrum-

258 878 333 916 que
366 850 458 916 jus,
494 865 603 904 facile
640 868 802 914 quisque
839 867 1045 912 concedet,
1073 873 1194 902 cetera
1231 862 1371 911 princi·

256 936 318 985 pia
351 946 466 984 atque
506 936 661 975 effectus
697 937 988 974 conventionum
1028 947 1048 973 e
1089 933 1373 972 doctrina-Ro-

254 1015 448 1042 manorum
481 1004 557 1042 esse
584 1005 761 1053 haustos,
798 1005 967 1052 quamvis
1001 1003 1180 1052 quaedam
1213 1000 1373 1054 dispofiq

253 1074 376 1113 tiones
410 1074 582 1123 speciales
621 1076 670 1113 ob
709 1085 946 1124 temporum,
984 1077 1183 1121 locorum,
1223 1082 1370 1110 morum

254 1153 369 1193 atque
410 1145 546 1184 indolis
591 1146 787 1194 utriusque
832 1146 951 1195 gentis
986 1143 1259 1189 diversitatem,
1306 1148 1371 1178 aut

252 1215 336 1263 aliis
392 1216 438 1254 de
486 1215 602 1254 causis
637 1228 656 1254 a
697 1216 732 1254 se
769 1216 927 1254 invicem
967 1215 1194 1265 discrepent.
1261 1212 1370 1249 Vidi-

253 1295 337 1323 mus
371 1285 468 1324 enim
508 1286 714 1324 doctrinam
753 1286 847 1335 J'uris
882 1285 1051 1324 hodierni
1085 1285 1130 1322 de
1171 1281 1371 1320 essentiali·

253 1355 326 1392 bus
371 1356 664 1393 conventionum
701 1355 886 1403 requisitis
925 1367 1009 1392 cum
1048 1352 1230 1391 universis
1273 1351 1369 1401 juris

254 1426 370 1463 Rom.
414 1426 608 1480 principiis
643 1426 868 1474 convenire:
910 1425 1071 1463 vidimus
1105 1435 1171 1471 per
1207 1432 1371 1459 conven-

253 1495 392 1532 tionem
426 1497 511 1544 J'ure
547 1495 716 1534 sancitam
757 1495 997 1542 obligationis
1043 1494 1233 1530 vinculum
1274 1492 1370 1529 inter

255 1564 470 1613 stipulantes
502 1565 620 1612 oriri,
647 1577 668 1603 a
706 1577 783 1613 quo
811 1565 932 1602 neutri
974 1575 1102 1601 eorum
1128 1563 1248 1601 invito
1283 1563 1372 1599 alte-

253 1646 297 1672 ro
332 1635 500 1673 recedere
535 1635 648 1673 licet:
704 1634 982 1672 observavimus
1018 1645 1161 1682 porro,
1196 1633 1291 1679 inter
1315 1632 1374 1680 ip.-
1410 1627 1414 1632 ’

253 1701 308 1740 sas
337 1712 458 1752 partes
487 1706 746 1741 contrahentes
776 1712 918 1741 tantuin
944 1704 1036 1741 illud
1064 1703 1255 1740 vinculum
1283 1712 1373 1749 conf

255 1771 356 1810 stitui
386 1773 520 1821 posse:
550 1773 713 1812 diximus
740 1775 874 1820 etiam,
903 1773 1094 1820 quomodo
1126 1772 1274 1809 debitor
1293 1783 1376 1808 cre-

252 1843 367 1881 ditori
402 1855 475 1881 rem
508 1844 546 1881 in
585 1844 852 1891 obligationem
892 1844 1086 1881 deductam
1125 1841 1303 1890 praestare
1335 1850 1372 1889 et

251 1910 467 1950 conservare
506 1921 702 1958 teneatur,
743 1923 863 1959 usque
898 1913 986 1949 dum
1021 1911 1150 1948 tradita
1193 1909 1249 1948 fit.
1305 1910 1373 1948 Vi·

252 1982 372 2020 dimus
408 1982 597 2030 denique,
643 1981 669 2019 s1
697 1994 717 2019 e
748 1981 997 2019 conventione
1023 1980 1179 2018 faciendi
1203 1989 1267 2018 aut
1292 1991 1370 2020 non

251 2051 411 2089 faciendi
453 2051 592 2089 oriatur
643 2052 853 2100 obligatio,
896 2063 1012 2098 aeque
1055 2053 1137 2102 jure
1173 2051 1287 2089 Rom.
1329 2063 1371 2089 ac

253 2122 448 2175 Hodierno
471 2133 549 2160 non
574 2123 789 2161 alternative
814 2132 876 2161 aut
916 2121 1128 2160 facultative
1165 2121 1369 2160 debitorem

254 2193 330 2233 esse
358 2193 594 2243 obligatum,
634 2193 694 2231 sed
732 2202 810 2230 tum
845 2194 991 2231 demum
1016 2194 1060 2230 ad
1091 2191 1370 2241 praestationem

253 2264 375 2304 damni
389 2274 424 2303 et
438 2264 610 2303 interesse
623 2264 737 2302 teneri
752 2292 764 2312 ,
783 2263 807 2302 si
825 2263 1045 2312 obligationi
1062 2264 1160 2302 haud
1172 2263 1255 2302 satis
1273 2262 1372 2302 fece-

1326 2343 1376 2373 rlt
