1560 2860
443 263 830 314 ORATIO.
1137 258 1197 305 79

250 401 581 470 QUAns'mo
643 405 1028 450 ZofinoomA.

142 571 453 625 Exponantur
509 563 734 606 succincte
790 565 836 601 et
890 556 1203 613 dijudicentur

86 648 390 692 recentiorum
410 674 424 696 ,
479 643 582 686 inde
639 655 670 681 a
720 629 1202 683 Blumenbachio,

85 732 283 767 naturae
306 726 626 764 scrutatorum
652 716 901 758 sententiae
930 715 986 756 de
1016 710 1204 768 generis

86 803 275 847 humani
308 801 533 844 varietate
556 796 728 839 nativa.

239 953 570 1011 QUAns'no
625 946 1062 993 TnnonoomA.

151 1108 336 1163 Septem
369 1108 479 1150 illae
508 1119 661 1156 voveo,
692 1117 808 1160 quas
842 1102 899 1143 de
933 1113 1068 1141 cruce
1084 1112 1210 1154 pen-

93 1188 204 1229 dens
239 1186 384 1229 edidit
431 1184 668 1232 Christus,
709 1181 777 1223 ita
825 1183 1119 1227 tractentur,
1156 1179 1212 1215 ut

94 1264 385 1319 singularum
416 1267 461 1302 et
480 1274 593 1303 vera
621 1255 850 1298 sententia
879 1259 1096 1296 accurate
1126 1251 1212 1292 de-

85 1341 288 1396 finiatur
302 1371 315 1392 ‚
337 1346 381 1381 et
404 1338 555 1379 minus
578 1333 839 1391 probabiles
857 1328 1214 1385 interpretatio-

98 1434 205 1471 nes,
251 1434 281 1459 a
307 1413 636 1459 recentioribus
676 1410 891 1467 inprimis
928 1405 1218 1448 commenda-

102 1504 201 1549 tae,
240 1497 502 1550 refutentur
516 1509 537 1543 ,-
567 1492 676 1534 item
698 1518 710 1540 ‚
751 1487 970 1544 quomodo
1004 1482 1215 1538 singulae

103 1581 310 1616 sanctum
334 1582 638 1624 magnumque
675 1565 848 1608 Christi
871 1563 1074 1604 animum
1099 1573 1217 1615 pro-

104 1655 215 1696 dant
232 1681 245 1704 ,
274 1652 629 1692 demonstretur.

579 1817 737 1831 —

163 1955 386 2000 Extremus
432 1959 563 1997 restat
612 1957 732 1994 actus
787 1946 870 1992 mei
915 1941 1185 2003 magistratfis
1206 1953 1222 1995 ‚'

44 2049 50 2057 ·
110 2047 197 2091 quo
233 2046 328 2076 cum
364 2029 545 2074 maxime
578 2043 645 2073 me
682 2025 851 2070 abdico.
940 2021 1077 2081 Regio
1110 2019 1222 2065 enim

112 2110 305 2163 decreto,
333 2108 378 2151 in
402 2105 640 2167 proximum
667 2118 846 2157 annum,
877 2100 1108 2146 Successor
1139 2097 1224 2141 mi-

111 2186 157 2231 hi
197 2187 318 2231 datus
352 2192 415 2230 est
456 2183 838 2228 CORNELIUS
870 2178 1222 2222 ADRIANUS

112 2280 149 2308 v
162 2277 190 2307 A
207 2274 238 2306 N
277 2263 313 2307 Ε
331 2279 361 2308 N
377 2278 397 2307 s
416 2278 440 2306 c
459 2277 493 2306 H
508 2277 540 2305 U
554 2276 584 2305 Τ
601 2292 614 2315 ,
657 2256 953 2303 celeberrimus
984 2253 1100 2299 Juris
1129 2252 1225 2296 An-

117 2350 316 2386 tecessor.
386 2339 522 2399 Quem
553 2336 680 2397 igitur
709 2333 967 2381 Academiae
997 2331 1226 2377 Rectorem

1157 2402 1226 2447 di-
