1483 2860
432 197 869 248 JUR1DICA.
1187 184 1210 221 9

98 305 260 346 solennia
282 306 394 345 verba
414 305 651 355 promifisset.
677 305 786 345 Talis
823 305 1024 343 conventio
1049 313 1219 344 contrac-

98 384 159 415 tus
182 376 343 414 dIcitur:
367 377 436 426 (1)
461 376 619 414 habebat
641 377 735 415 enim
765 377 910 414 civilem
939 375 1080 414 causam
1114 375 1213 414 obli-

97 446 235 495 gandi,
271 447 461 485 verborum
501 445 638 485 scilicet
666 446 927 494 solennitatem
965 456 1029 485 aut
1056 445 1209 495 factum

91 517 367 568 praestationis.
433 517 491 555 Illi
536 529 628 556 vero
677 526 892 555 contractus
932 517 1035 567 Juris
1074 516 1229 556 Civilis*

93 586 337 626 dicebantur:
367 586 518 635 fingulis
543 586 640 625 enim
669 587 715 625 iis
741 587 903 635 negotiis
933 598 1093 634 quorum
1122 585 1209 624 usus

94 657 263 706 quotidie
297 657 525 707 apparebat,
552 666 688 696 certam
723 657 1064 696 determinationem
1102 657 1211 696 dede·

93 735 208 776 runt,
232 725 340 766 suum
373 738 532 775 nomen,
559 737 672 776 atque
708 727 767 767 his
802 727 1067 766 convenientes
1092 727 1212 766 actio-

93 807 184 835 num
218 797 412 837 formulas.
468 799 569 837 Cum
613 809 704 836 vero
742 797 852 836 arctis
894 797 1092 836 admodum
1136 796 1209 836 cir·

91 866 306 915 cumscripti
339 876 443 906 erant
479 868 619 907 finibus
658 868 778 918 gentis
817 868 1008 906 Romanae
1037 876 1208 907 contrac-

92 944 184 984 tuS,
220 948 310 976 mox
342 937 493 975 aliarum
529 937 694 986 gentium
731 935 999 975 conventiones
1035 935 1074 974 in
1100 935 1206 974 usum

92 1015 302 1055 vocarunt,
354 1019 448 1055 quae
493 1006 637 1056 saepius
675 1006 715 1045 in
755 1007 882 1045 locum
913 1005 1206 1053 conventionum

86 1076 191 1127 Juris
217 1077 354 1116 Civilis
377 1076 661 1124 subintrarunt,
689 1076 745 1115 uti
782 1077 951 1125 exemplo
983 1076 1109 1115 doceri
1136 1087 1207 1126 po-

90 1155 168 1185 test
202 1146 516 1195 mancipationis3
556 1157 640 1184 nam
680 1157 725 1185 ex
761 1145 830 1185 usu
874 1145 1022 1184 recesfit
1053 1154 1090 1184 et
1126 1147 1206 1196 ejus

89 1218 215 1257 locum
255 1216 457 1266 occupavit
503 1225 717 1255 contractus
755 1216 928 1254 emtionis
959 1214 1204 1254 venditionis.

87 1288 150 1328 Ab
173 1288 246 1327 hoc
270 1287 385 1336 igitur
408 1295 602 1336 tempore,
630 1298 708 1335 quo
739 1295 958 1335 receperunt
989 1294 1204 1324 contractus

81 1358 107 1407 J
110 1359 185 1397 uris
199 1358 381 1397 Gentium
395 1386 408 1405 ‚
424 1365 639 1395 contractus
649 1385 663 1405 ,
689 1356 754 1404 qui
767 1356 944 1394 dicuntur
959 1383 972 1403 ‚
986 1353 1205 1394 consensuae

85 1429 140 1468 les
166 1429 205 1468 in
223 1428 554 1479 jurisprudentiam
568 1427 772 1466 Romanam
793 1425 1034 1464 transierunt.
1062 1425 1203 1464 Utrum

86 1507 209 1538 tamen
251 1506 336 1536 ante
372 1508 418 1536 an
454 1509 544 1536 vero
584 1505 674 1546 post
709 1497 946 1536 introductos
985 1503 1202 1535 contractus

89 1567 343 1608 consensuales
376 1568 430 1606 illi
460 1579 480 1606 a
506 1566 686 1605 Romanis
716 1566 787 1605 fint
819 1565 961 1615 recepti
993 1565 1060 1615 qui
1083 1564 1203 1604 literis

86 1638 400 1689 perficiebantur,
435 1637 536 1676 haud
580 1637 688 1676 facile
727 1637 801 1675 dici
840 1645 992 1685 potest:
1027 1636 1204 1676 videntur

87 1718 210 1748 tamen
246 1708 292 1747 iis
332 1708 417 1747 dein
459 1707 674 1755 accesfisse3
704 1719 789 1746 cum
827 1707 925 1745 enim
958 1706 1023 1745 lati
1052 1706 1204 1756 Imperii

86 1778 180 1818 fines
219 1788 256 1818 et
283 1778 395 1817 variis
430 1778 469 1817 in
500 1777 706 1827 provinciis
743 1777 958 1828 longisfime
986 1790 1006 1817 a
1039 1777 1074 1816 se
1105 1777 1204 1817 invi-

84 1859 165 1888 cem
190 1849 324 1888 remoti
355 1849 457 1889 cives
493 1859 572 1887 non
599 1848 758 1897 amplius
785 1848 981 1895 sinerent,
1020 1855 1064 1886 ut
1096 1858 1204 1896 prae-

86 1918 204 1960 sentes
240 1918 359 1960 essent
396 1920 436 1959 in
470 1918 631 1969 negotiis
656 1918 778 1958 secum
809 1917 968 1957 invicem
998 1917 1202 1968 ineundis,

1137 1998 1202 2027 eo-

125 2116 178 2158 (1)
197 2122 282 2150 Putat
304 2119 366 2150 ·C1.
390 2119 524 2154 Hugo,
553 2118 667 2148 Lehrb.
694 2119 749 2148 der
776 2118 879 2154 gesch.
907 2118 962 2148 des
983 2118 1077 2148 Rom.
1099 2118 1200 2149 rechts

85 2185 118 2213 p.
143 2185 216 2213 170,
242 2176 359 2213 legibus
391 2185 425 2208 1²
454 2177 535 2207 tabb.
563 2176 754 2212 incognitum
779 2176 874 2206 fuisse
901 2183 1080 2205 contractus
1107 2184 1200 2206 voca-

86 2234 210 2268 bulum,
239 2233 333 2262 nexas
369 2241 470 2263 autem
492 2233 658 2263 adhibitum
687 2233 793 2263 fuisse.
842 2232 922 2262 Vide
953 2234 1047 2264 etiam
1070 2236 1199 2265 Watn·

85 2290 252 2327 koenig,
276 2292 397 2327 Gomm,
420 2291 495 2326 iuris
517 2291 609 2322 Rom.
629 2290 720 2321 Tom.
741 2292 782 2320 n.
804 2290 854 2319 n0.
875 2298 942 2328 479.
