1483 2860
369 285 881 329 LITERARIA.
1104 296 1175 347 ¹1¹9

51 397 264 440 mandatum
286 397 415 450 (Belg.
443 396 664 450 Instructie)
686 393 930 445 composuit,
957 404 1036 442 quo
1062 391 1175 431 Ordi-

48 468 164 506 nibus
194 468 377 507 concesfit
399 495 412 516 ,
454 466 581 505 omnia
620 465 754 515 scripta
791 465 830 503 in
866 475 948 503 arce
986 463 1173 502 Goudana

44 536 208 586 reclusa,
237 537 378 586 quibus
409 537 630 575 Hollandiae
654 536 848 586 privilegia
883 534 1173 579 continebantur

42 618 111 659 per
141 608 283 656 legatos
306 606 392 646 suos
430 606 605 646 describi.
675 606 822 647 Deinde
864 604 1088 652 constituit,
1125 612 1170 643 ut

41 676 205 718 Ordines
231 677 412 726 pecuniae
450 678 625 727 publicae
660 676 804 716 causam
828 684 977 724 agerent
1001 674 1170 714 censum-

42 757 118 795 que
149 747 352 796 exigerent.
405 748 523 787 Porro
539 775 552 795 ,
581 759 660 796 quo
679 747 800 786 tutior
822 746 994 785 evaderet
1018 744 1171 794 naviga-

38 817 94 856 tio
129 826 166 858 et
199 827 432 865 mercatura,
471 817 598 855 omnia
624 817 750 866 priora
775 816 979 865 diplomata
1010 814 1168 864 abrogaq·

43 898 83 926 re
106 895 144 926 et
162 898 264 926 nova
293 898 521 936 componere
545 888 724 926 decrevit.
780 887 880 926 Dein
904 886 1172 927 Lumaeum

45 956 140 1005 qui,
177 957 327 997 absente
373 958 666 1006 Gulielmo,
693 957 917 996 Hollandiae
951 954 1168 1006 praefectu-

41 1039 118 1067 ram
150 1028 326 1075 tenebat,
363 1028 403 1067 in
431 1029 610 1067 omnibus
649 1028 836 1067 Ordinutn
868 1025 1034 1065 consiliis
1061 1037 1169 1075 pare-

40 1109 81 1137 te
95 1097 220 1148 jussit.
275 1099 476 1137 Caeterum
508 1098 657 1137 urbium
690 1109 751 1137 res
776 1097 905 1136 civiles
934 1105 971 1135 et
996 1095 1172 1146 politicas

41 1168 88 1207 ab
103 1179 228 1206 earum
251 1168 450 1217 praefectis
465 1169 723 1217 gubernandas
738 1167 816 1206 esse
827 1195 842 1214 ‚
867 1166 1062 1206 constituit
1077 1193 1092 1214 ‚
1113 1166 1173 1204 ni-

40 1238 67 1279 fi
82 1239 159 1287 ipse
183 1240 344 1288 aliquem
360 1267 372 1287 ‚
388 1237 711 1278 consentientibus
729 1236 941 1276 Ordinibus
956 1264 972 1287 ‚
988 1245 1175 1275 rectorem.

47 1317 190 1349 crearet
214 1310 301 1361 (ι).

543 1449 580 1500 §-
629 1463 690 1489 ιο.

90 1592 297 1641 Postquam
333 1592 423 1630 haec
463 1591 514 1630 ita
551 1591 591 1630 in
626 1590 760 1630 castris
795 1589 1031 1630 ordinaverat
1072 1587 1169 1628 Gu‘-

39 1659 236 1712 lvielmus
252 1689 265 1709 ‚
281 1672 367 1700 cum
380 1660 546 1699 exercitu
569 1658 745 1699 adveisus
772 1658 1021 1715 Albanum
1048 1657 1170 1696 Mon-

37 1740 113 1772 tem
142 1731 368 1770 Hannoniae
393 1730 590 1780 profectus
627 1737 700 1768 est.
755 1728 884 1779 Quum
912 1728 964 1766 ibi
995 1727 1169 1767 advenis-

42 1802 95 1842 set
111 1830 124 1850 ,
162 1804 193 1841 A
211 1802 261 1840 lb
275 1814 294 1840 a
309 1813 334 1840 n
348 1813 447 1849 um,
475 1801 542 1849 qui
567 1808 689 1838 castra
719 1798 862 1849 ingenti
887 1798 988 1836 vallo
1010 1796 1171 1847 sepserat

38 1883 82 1914 ac
113 1872 348 1919 muniverat,
370 1871 484 1910 variis
519 1870 641 1909 modis
671 1881 717 1908 ex
748 1868 810 1907 sua
834 1867 953 1907 veluti
984 1856 1079 1906 arce*
1100 1866 1170 1906 eli-

43 1954 124 1982 cere
144 1952 181 1981 et
207 1943 254 1981 ad
277 1942 462 1992 proelium
485 1952 620 1990 cogere
645 1948 804 1978 conatus
829 1947 900 1978 est.
929 1938 1168 1977 Frustra.—

39 2013 266 2056 Aibanus
306 2013 440 2053 iterum
479 2010 710 2051 cunctatoris
745 2018 872 2059 partes
914 2008 992 2059 egit
1041 2019 1171 2058 neque

39 2084 119 2122 ullo
142 2092 252 2133 pacto
283 2095 368 2122 cum
403 2082 667 2122 Gulielmi
695 2080 863 2120 exercitu
887 2079 1067 2129 congredi
1098 2089 1170 2118 vo-

41 2152 129 2193 luit.
167 2144 369 2203 Tandem3
393 2165 511 2204 quum
539 2152 666 2194 omnia
677 2153 769 2193 haec
800 2150 995 2191 conamina
1017 2150 1167 2193 nullum

1109 2217 1176 2260 ef«

81 2313 136 2351 (ι)
155 2312 229 2344 Vid.
253 2317 347 2353 Bor,
379 2317 438 2354 Op.
464 2319 488 2348 1.
509 2315 578 2347 Lib.
604 2316 662 2347 Vl.
684 2315 743 2346 fol.
775 2321 845 2352 290.
865 2312 932 2351 sqq.
950 2325 990 2338 -
1009 2309 1166 2352 nooft,

44 2370 103 2406 ορ.
123 2371 145 2400 ¹2
165 2378 233 2408 pag.
258 2378 323 2408 170·
345 2386 384 2397 —
405 2370 508 2405 Lmen
533 2382 594 2405 cet.
614 2375 652 2404 u.
669 2380 737 2411 pag.
754 2380 823 2410 302.
844 2371 912 2409 sqq·
