1483 2860
239 502 1068 565 PRAEFATIO*

143 681 256 743 Non
292 701 400 741 facile
424 703 609 751 dixerim,
641 703 716 742 viri
739 702 926 742 clarissimi
944 723 958 751 -,
987 705 1217 751 quantopere

92 777 151 811 ‘me
174 771 351 812 fefellerit
377 773 543 821 laboris,
567 785 678 822 quem
697 774 891 821 aggressus
906 773 984 811 sum
999 802 1012 819 ‚
1036 773 1212 821 gravitas.

94 842 177 881 Tot
204 844 300 882 enim
340 852 515 891 tantaque
539 852 606 892 per
640 845 792 893 triginta
824 843 902 881 fere
934 854 1115 882 annorum
1137 841 1217 891 spa·-

92 911 188 950 tium
204 941 216 960 ,
254 913 495 951 admiratione
519 914 733 961 dignissima
750 942 763 960 ,
789 914 827 952 in
856 913 1045 962 republica
1071 921 1222 961 pertur-

96 980 209 1029 bata,
250 982 421 1032 singulari
448 983 655 1032 ,prudentia
686 982 802 1031 gessit>
840 982 1070 1022 Gulielm
1087 994 1142 1021 us
1183 983 1215 1021 1.

96 1051 273 1100 Princeps
311 1052 557 1100 stramiacus,
587 1061 656 1100 ut·‚
685 1053 711 1092 fi
747 1053 990 1092 haecomnia
1022 1053 1220 1102 diligenter

99 1121 334 1168 examinare,
364 1124 567 1170 ponderare
589 1132 624 1160 et
650 1123 860 1170 explicare,
899 1134 977 1161 non
1007 1122 1091 1160 dico
1112 1124 1224 1171 juve·

96 1190 155 1228 nis
173 1189 275 1236 ,sed
305 1190 471 1229 eruditus
497 1190 554 1228 vir
578 1192 730 1239 cupiat,
759 1200 908 1239 tempus
941 1192 1079 1239 citius,
1108 1197 1220 1239 quam

98 1259 268 1298 materiae
299 1260 447 1298 ubertas
477 1261 510 1298 ei
545 1261 705 1300 deficiat.
760 1260 864 1311 Quid
900 1261 1014 1310 igitur
1040 1272 1136 1309 ege,
1161 1262 1225 1311 J‘u-

95 1329 231 1377 venis‚
276 1330 315 1367 in
346 1330 461 1368 literis
497 1342 621 1368 novus
662 1333 805 1378 homo,
846 1332 949 1370 nulla
984 1331 1224 1380 eruditione,

96 1402 200 1439 nulla
230 1409 358 1438 ornate
392 1399 618 1448 copioseque
645 1399 788 1438 dicendi
826 1399 1002 1439 facultate
1027 1399 1192 1438 munitus
1209 1420 1223 1449 3

102 1472 170 1509 hac
195 1470 234 1508 in
260 1482 299 1508 re
336 1469 517 1518 proficere
548 1470 696 1519 possem
713 1469 732 1507 ’ἶ
759 1471 868 1508 Nihil
908 1469 1082 1519 profecto
1111 1468 1224 1509 fecis·

98 1541 172 1579 sem
189 1569 203 1587 ‚
256 1548 475 1587 tantumque
521 1552 619 1589 opus
661 1533 797 1579 temere
843 1539 1112 1588 suscepissem5
1153 1532 1221 1579 nisi

97 1610 240 1648 animos
268 1619 439 1656 vestros,
467 1611 506 1648 in
528 1610 686 1658 juvenes
716 1610 921 1658 propensos
946 1616 982 1648 et
1008 1600 1135 1648 faciles
1156 1613 1223 1647 co-

99 1679 324 1729 gnovissem.
368 1680 492 1729 Cujus
519 1680 571 1717 rei
598 1689 672 1717 tam
697 1682 768 1718 late
792 1681 1005 1729 percrebuit
1027 1680 1152 1727 fama,
1179 1687 1224 1720 'ut

99 1761 178 1789 non
219 1750 351 1791 mirum
388 1749 460 1796 fit,
487 1749 1077 1800 tantam*studiosae-juventutis
1105 1757 1225 1789 cater—

97 1831 181 1861 vam
220 1819 259 1858 in
299 1819 533 1858 Academiam
571 1819 847 1869 Trajectinam,
888 1819 1154 1867 elegantiorum
1178 1819 1224 1871 li-[

98 1896 260 1930 terarum
295 1889 413 1928 veluti
449 1888 684 1937 emporium,
720 1888 1014 1929 allectamesse.
1075 1883 1220 1930 Nullus

99 1961 216 2010 igitur
239 1960 401 2008 dubito,
443 1959 537 2008 quin
560 1961 598 1997 in
622 1961 689 1998 hac
727 1959 908 2006 materia,
938 1967 1033 2008 quae·
1066 1960 1223 2009 proprie

100 2031 327 2071 reconditam
352 2030 560 2069 doctrinam
587 2039 624 2068 et
648 2032 848 2069 masculam
873 2030 1126 2078 eloquentiam
1151 2030 1221 2071 fibi

99 2101 300 2151 deposcit,
333 2101 565 2152 juvenilibus
599 2101 797 2139 conatibus
833 2100 942 2139 facile
977 2101 1120 2141 veniam
1155 2103 1222 2141 dae·

101 2173 178 2212 turi
206 2171 298 2210 sstis.
350 2171 476 2211 Nimis
511 2179 650 2219 grave,
677 2170 826 2218 fateor,
856 2178 954 2219 opus
992 2180 1050 2208 est
1067 2199 1080 2218 ‚
1108 2177 1221 2218 quani

104 2243 208 2291 quod
237 2242 401 2280 humeris
436 2243 621 2280 exantlare
652 2239 797 2289 possem
832 2246 898 2288 et,
951 2247 1010 2293 ut·
1036 2249 1123 2280 vere
1164 2241 1223 2280 di-

99 2321 206 2365 cam,
236 2319 388 2365 ,tempus
416 2311 538 2359 mihi,
579 2310 662 2349 aliis
689 2316 844 2360 quoque
870 2309 1036 2349 districto
1062 2309 1219 2357 studiis,

621 2381 658 2418 A
687 2392 709 2418 s
1166 2379 1223 2418 ni.
