1560 2860
352 333 400 372 90
690 321 1007 361 ANNOTATA
1058 330 1127 359 An

350 443 389 470 re
420 440 590 470 conatur.
623 454 675 463 —
709 431 763 470 Ut
790 431 947 480 primurn
978 439 1096 469 autem
1134 430 1250 480 vulgo
1274 430 1455 480 cognosci

349 511 479 550 coepta
507 510 563 540 est
594 500 834 550 Philosophia
869 500 1038 538 Kantii
1071 499 1226 546 critica,
1263 499 1310 538 ab
1332 511 1453 549 -argu-

350 573 483 610 mentis
506 583 531 609 a
554 573 679 622 priori
705 582 772 618 pro
800 570 870 608 Dei
905 569 1114 608 exsistentia
1146 567 1312 608 studiose
1344 581 1456 618 quae·

350 642 473 681 tendis
510 651 552 680 ac
585 639 827 691 dijudicandis
859 640 1076 678 destiterunt
1107 637 1287 688 plerique.
1338 639 1455 679 Nune

348 712 520 750 nimirum
555 712 653 750 aliud
691 712 869 760 agendum
902 709 1157 758 inveniebant3
1196 721 1281 748 eum
1305 720 1326 748 a
1358 710 1458 749 Kan-

347 782 459 820 tianis
475 781 747 831 objectionibus
758 792 798 818 ea
823 780 904 827 ipsa
925 779 998 818 sibi
1021 780 1153 818 tuenda
1179 791 1259 818 esse
1281 780 1448 819 viderent

348 862 560 900 argumenta
575 879 590 899 ‚
641 861 734 900 quae
770 851 957 897 quondam
989 850 1072 900 jure
1105 850 1309 890 certissima
1334 850 1457 889 habita

348 931 486 962 essent.

397 1057 496 1108 Pag.
527 1070 592 1095 22.
619 1054 712 1105 (19)
737 1053 1009 1104 VideanturJo
1025 1053 1108 1092 rda
1122 1051 1172 1091 ni
1197 1051 1352 1091 Bruni
1376 1051 1453 1091 die·

347 1137 406 1175 ta,
434 1137 527 1174 quae
553 1126 741 1174 congessit
767 1124 818 1164 E.
843 1124 969 1163 Rein
983 1124 1101 1162 hold
1117 1151 1132 1171 ‚
1159 1123 1187 1162 1.
1207 1134 1245 1162 c.
1263 1121 1314 1161 T.
1341 1122 1388 1161 11.
1407 1122 1456 1164 P.

348 1207 386 1238 ί.
413 1208 457 1245 p.
484 1198 529 1235 88
554 1207 642 1245 sqq.
668 1216 725 1225 —
760 1195 852 1233 Eam
887 1194 1043 1233 subinde
1069 1193 1245 1232 rationem
1274 1192 1383 1231 habet
1414 1191 1460 1231 il-

344 1266 421 1306 lius
446 1265 638 1312 doctrina,
665 1273 707 1302 ut
746 1264 881 1302 dubius
907 1266 982 1302 fere
1004 1264 1176 1311 haereas,
1216 1271 1337 1302 ut-rum
1376 1273 1456 1301 eam

348 1335 594 1375 Eleatismmn
609 1343 691 1386 post
716 1334 901 1372 Eleaticos
923 1334 1041 1372 dicere
1056 1342 1224 1382 oporteat
1239 1361 1254 1383 ,
1266 1345 1311 1374 an
1327 1334 1455 1383 potius

349 1405 731 1455 Schellingianismum
746 1413 833 1443 ante
849 1404 1127 1455 Schellingium.

394 1542 547 1583 Ibidem.
575 1541 673 1592 (20)
698 1543 811 1582 Vidd.
844 1554 940 1591 quos
973 1542 1099 1582 citavit
1133 1543 1178 1581 B.
1205 1541 1464 1581 Nieuhoff

347 1615 373 1653 1.
411 1625 448 1652 c.
485 1625 526 1661 p.
565 1625 636 1661 271
676 1622 805 1652 annot.
846 1617 923 1661 60,
959 1622 995 1652 et
1029 1625 1123 1661 quae
1154 1615 1234 1662 ipse
1263 1613 1381 1660 dixit,
1408 1625 1449 1662 p.

348 1686 422 1732 285
453 1695 539 1731 sqq.
590 1683 729 1721 Verum
765 1683 933 1732 inprimis
967 1684 1218 1722 consulendus
1256 1691 1312 1722 est
1337 1681 1455 1722 Kru-

346 1754 459 1803 gius
485 1755 511 1792 l.
535 1764 571 1792 c.
599 1751 651 1792 Τ.
673 1753 740 1793 III.
770 1766 810 1802 p.
838 1763 911 1802 750
935 1754 961 1793 i.
989 1765 1028 1792 v.
1057 1752 1301 1802 Spinoza.

395 1890 496 1940 Pag.
520 1903 571 1938 24
597 1890 707 1940 (21.)
732 1891 912 1929 Petrus
937 1890 1004 1929 Ra
1019 1902 1053 1928 tn
1070 1902 1094 1928 u
1109 1902 1128 1929 s
1158 1903 1192 1929 a.
1211 1900 1332 1939 1572,
1358 1890 1458 1930 Pati-

346 1959 527 2007 siis‚'in
550 1959 693 1998 nefasta
714 1961 785 1998 istst
810 1960 851 1998 S.
880 1960 1155 1999 Bartholomaei
1180 1971 1315 2010 nocte,
1343 1961 1456 2000 inter·

347 2031 468 2071 fectus
486 2039 563 2069 est.
597 2031 657 2080 Jo
674 2032 796 2068 rdan
812 2042 866 2068 us
894 2031 1093 2069 Brunus
1109 2059 1123 2078 ,
1149 2043 1183 2070 a.
1210 2033 1337 2078 1600,
1370 2031 1453 2071 Ro-

347 2110 424 2137 mae
435 2129 438 2132 .
451 2100 488 2138 in
522 2111 615 2148 rogo
652 2099 871 2138 combustus
889 2108 960 2137 est.
1006 2099 1042 2137 T
1055 2100 1079 2137 h
1090 2112 1113 2139 o
1128 2112 1161 2138 m
1175 2112 1195 2138 a
1207 2112 1226 2138 s
1252 2100 1285 2138 C
1297 2112 1318 2138 a
1331 2111 1364 2138 m
1379 2111 1452 2148 pa-

347 2171 481 2208 aelia
506 2170 669 2217 ibidem,
699 2171 835 2208 multos
859 2181 923 2218 per
942 2181 1086 2218 annos,
1112 2179 1256 2207 carcere
1281 2171 1453 2208 detentus

347 2248 417 2280 est.
469 2239 565 2290 Quis
591 2251 667 2279 non
706 2241 829 2287 paullo
862 2240 1057 2278 humanior
1071 2268 1085 2285 ‚
1131 2240 1274 2278 etiamsi
1315 2239 1450 2277 horum

348 2309 523 2349 Virorum
543 2311 676 2359 placita
704 2310 913 2359 improbet,
941 2321 1066 2348 eorum
1092 2319 1210 2356 tamen
1234 2318 1369 2348 sortem
1391 2309 1458 2348 do-

349 2378 418 2418 leat
434 2380 454 2418 2
497 2406 499 2410 Α

1362 2442 1465 2493 Pago
