1483 2860
181 242 230 282 66
403 237 1064 280 COMMENTATIO

181 353 386 391 Lussac
418 359 455 387 et
489 349 764 394 Thenard,
791 356 901 396 atque
931 346 1193 393 BerzeIii,
1228 347 1286 385 in-

179 421 347 460 tercedit
377 420 574 468 reputenda
617 417 693 455 esse
727 418 873 455 videtur
910 429 955 455 ex
985 429 1056 465 eo,
1081 417 1203 464 quod
1233 416 1288 454 ini

183 491 359 540 pillulas,
389 487 527 535 quibus
558 486 780 533 utebantur,
808 488 853 524 ad
885 488 990 525 illum
1026 498 1145 534 usque
1177 487 1289 524 finem

181 558 440 598 calefaciebant
454 584 468 602 ‚
496 562 538 592 ut
560 565 637 593 non
661 553 779 593 solum
818 555 938 593 omnis
961 568 1056 603 aqua
1078 556 1124 595 fit
1146 554 1288 604 elapsa,

179 628 240 667 sed
264 627 371 664 etiam
399 636 482 674 pars
507 625 726 673 hydrogenii
753 636 798 662 ex
824 625 929 663 acido
946 624 1039 663 esset
1052 627 1223 674 oxydata.
1242 625 1286 672 1)

232 695 400 733 Tandem
429 693 639 742 nuperrime
665 694 728 733 Cl.
755 694 1112 733 Doebereiner
1151 705 1293 743 propo-

181 764 253 803 suit
287 765 326 802 in
360 762 461 801 omni
491 764 574 801 casu
601 764 815 801 chlorureto
846 764 1011 812 potassae
1034 765 1198 812 oxydurn
1227 776 1293 801 cu-

180 835 241 885 pri
269 834 452 883 praeferre
478 833 517 871 in
547 832 683 882 analyfi
708 833 986 875 substantiarum
1016 832 1292 881 vegetabilium.

183 905 283 942 Cum
317 904 388 941 hoc
426 903 552 951 oxydo
595 904 703 952 cupri
741 912 822 942 tum
857 903 964 941 etiam
1001 902 1162 951 analyfin
1194 901 1297 940 >acidi

183 973 313 1013 acetici
334 972 547 1010 instituebat
570 982 606 1011 et
631 973 772 1011 invenit
791 973 862 1022 2),
891 973 1195 1021 decomponendo
1216 976 1302 1009 ace·'

184 1044 294 1081 talem
326 1042 434 1090 cupri
475 1053 558 1079 curn
592 1044 718 1089 oxydo
747 1043 861 1091 hujus
884 1042 1019 1080 metalli
1049 1042 1231 1089 mixtum,
1259 1040 1298 1078 in

186 1113 300 1159 tubo,
330 1111 424 1148 illud
452 1111 597 1149 acidum
621 1110 696 1149 esse
721 1111 968 1160 compositum
992 1115 1075 1148 exz'

236 1193 425 1241 Oxygenii
538 1195 669 1241 64264.
777 1193 863 1232 Sive
891 1205 935 1231 ex
958 1204 1033 1232 una
1053 1191 1302 1241 proportione

236 1261 441 1300 Carbonici
538 1273 668 1309 32,42.
731 1262 950 1311 hydrogenii
987 1261 1175 1300 carbonati
1215 1268 1250 1298 et
1279 1271 1301 1307 3

237 1326 472 1380 Hydrogenii
562 1340 667 1372 2094·
690 1363 700 1374 ,
724 1330 818 1368 acidi
843 1327 1046 1367 carbonici.

484 1409 666 1443 1002000.
690 1380 698 1457 Ι

238 1488 341 1527 Haec
370 1498 458 1525 vero
492 1486 740 1533 experimenta
773 1485 892 1523 adhuc
924 1483 1132 1523 confirmari
1163 1495 1303 1522 meren-

188 1567 274 1606 turb
314 1555 499 1595 certitudo
532 1555 629 1593 enim
659 1566 745 1592 cum
778 1554 905 1602 oxydo
942 1554 1048 1603 cupri
1080 1554 1302 1601 acquirenda

189 1634 247 1665 est
279 1625 460 1672 maxima,
487 1636 616 1663 verum
651 1635 729 1662 non
761 1625 901 1673 semper
919 1635 1004 1664 cum
1025 1623 1136 1661 bonis
1159 1624 1306 1662 metho-

191 1694 248 1735 dis
282 1695 382 1733 bona
415 1693 656 1732 instituuntur
680 1694 956 1742 experimenta,
985 1693 1071 1731 alias
1087 1703 1188 1731 certe
1213 1704 1304 1731 con-

189 1765 410 1807 cludendum
455 1763 551 1802 foret
593 1764 745 1812 analyfis
787 1763 849 1802 Cl.
889 1764 996 1812 Gay
1028 1764 1231 1802 Lussac
1269 1773 1307 1801 et

193 1831 464 1880 Thenard‚
502 1843 613 1882 atque
643 1834 880 1872 Berzelii
915 1833 989 1872 esse
1022 1833 1145 1874 falsas.
1198 1834 1305 1873 Diffi-

195 1901 374 1947 cillimum
413 1903 565 1942 omnino
609 1913 666 1944 est
703 1912 827 1942 exacte
871 1904 1108 1943 determinare
1148 1915 1310 1953 propor-

1235 1981 1308 2010 tlo-

237 2107 270 2143 1)
290 2106 317 2142 J.
342 2107 371 2144 J.
412 2107 652 2143 Berzelius,
680 2109 809 2138 Annales
838 2109 874 2137 de
905 2109 1046 2145 chime,
1075 2110 1164 2139 Tom.
1195 2110 1307 2142 XCIV.

201 2167 269 2203 pag.
291 2170 359 2196 301·

240 2218 274 2266 α)
297 2222 428 2256 Annales
449 2222 485 2252 (le
511 2221 628 2257 chimie,
652 2229 680 2251 et
703 2223 739 2252 de
762 2225 927 2260 Phyfiquc,
956 2225 1051 2263 Toxm
1071 2225 1123 2254 lv.
1156 2233 1224 2260 pag.
1247 2234 1311 2270 102.
