1483 2860
387 287 902 328 LITERARIA.
1140 305 1209 344 ¹93

80 406 203 446 partes
237 398 428 445 traheret,
467 397 653 446 regioque*
682 397 838 446 imperio
883 398 1007 436 denuo
1051 397 1207 450 subjice-

80 476 150 505 ret.
205 467 392 505 Praeterea
417 466 583 514 bellum,
614 480 723 514 quam
747 468 898 515 potuit,
925 469 1126 509 fortissime
1149 471 1206 510 in.

82 535 214 575 struxit
243 545 279 575 et
301 536 518 586 TraJ‘ectum
545 538 590 575 ad
612 536 756 575 Mosam
786 549 916 587 magna
942 540 1102 580 militum
1132 539 1225 582 ma?

82 618 136 645 nu
164 607 410 646 circumsedit.

135 677 430 716 Gulielmus
472 678 566 715 hanc
605 678 734 715 urbem
777 687 862 717 ante
905 679 1030 718 omnia
1065 679 1206 720 servare

79 748 235 797 cupiens
248 777 260 795 ‚
277 746 528 785 consentiente
552 748 594 785 M
611 759 630 786 a
643 758 656 786 t
671 757 685 785 t
698 748 722 785 h
737 748 805 795 ia,
820 748 981 787 Ordines
1003 751 1205 790 Generales

79 818 325 866 Antverpiam
358 819 597 857 convocavit.
652 818 708 856 Ibi
751 829 880 857 omnes
912 822 1130 869 admonuit,
1158 833 1206 861 ne

82 889 173 935 quid
219 889 588 937 praetermitterent,
649 900 727 936 quo
765 890 960 936 pecuniam
1004 892 1207 941 colligere,
1246 940 1248 943 Ι

81 959 282 997 exercitum
314 969 526 1008 comparare
556 959 762 1008 urbemque
798 959 979 999 obsessam
1017 960 1208 1002 sublevare

83 1027 248 1076 possent.
303 1029 470 1076 Verum,
499 1030 586 1067 dum
614 1029 652 1066 hi
688 1030 899 1068 cunctando
932 1039 969 1068 et
1001 1031 1208 1071 dubitando

78 1099 176 1136 diem
198 1098 391 1146 terebant,
416 1098 545 1136 misera
579 1098 670 1136 urbs
697 1099 837 1149 ingenti
863 1100 1032 1139 hostium
1062 1102 1207 1151 impetu

78 1176 186 1216 capta
221 1177 277 1205 est
305 1169 387 1216 (ι).
1043 1208 1047 1216 ,

128 1238 199 1276 1110
238 1247 406 1286 tempore
438 1238 759 1287 Rudolphus
793 1239 1015 1280 Germaniae
1047 1243 1207 1292 impera-

82 1316 141 1346 tor
166 1309 295 1356 Belgas
325 1320 410 1346 cum
434 1319 518 1356 rege
542 1308 581 1346 in
611 1309 764 1357 gratiam
794 1311 969 1350 reducere
995 1312 1208 1362 summope-

80 1389 119 1416 re
159 1386 318 1416 conatus
347 1387 416 1416 est.
472 1379 585 1417 Hunc
612 1380 651 1416 in
677 1378 786 1418 finem
811 1381 951 1430 legatos
977 1381 1064 1421 suos
1086 1385 1208 1423 Colo·

81 1452 178 1487 niam
216 1449 460 1497 Agrippinam
489 1448 613 1496 milit,
642 1459 684 1488 ut
713 1462 799 1488 cum
822 1451 918 1499 regis
944 1451 1207 1503 Ordinumque

82 1518 214 1567 legatis
246 1519 292 1556 de
324 1530 413 1566 pace
438 1529 621 1567 ageretur.
675 1520 818 1558 Verum
858 1533 916 1559 res
948 1534 992 1560 eo
1017 1525 1090 1572 J'am
1119 1536 1205 1574 per-

84 1596 260 1634 venerat,
302 1597 343 1626 ut
369 1588 501 1637 Belgae
523 1601 606 1627 cum
630 1600 714 1638 rege
747 1591 1035 1640 haudquaquam
1075 1606 1208 1634 recon-

85 1658 202 1697 ciliari
241 1657 349 1706 posse
383 1658 613 1698 viderentur.
676 1661 826 1699 Etenim
864 1673 928 1699 rex
965 1662 1054 1702 odio
1088 1664 1202 1704 nimis

84 1728 322 1767 exacerbatus
342 1737 418 1765 erat
439 1728 768 1778 Hispanorumque
790 1742 887 1769 arma
910 1732 1020 1770 nimis
1045 1746 1202 1784 prospe-

83 1808 122 1837 ra
162 1807 292 1844 erant,
323 1809 432 1846 quam
459 1807 499 1836 ut
524 1798 569 1836 ab
597 1798 766 1837 instituto
790 1799 882 1849 suo,
911 1802 1069 1850 imperio
1106 1803 1205 1843 scili-

79 1879 138 1909 cet
171 1868 356 1906 illimitato
389 1867 642 1917 persequendo
660 1898 673 1917 ‚
700 1871 868 1909 recedere
899 1872 1025 1911 vellet.
1079 1873 1199 1923 Regis

1147 1944 1206 1984 in-

81 2086 105 2102 „
126 2066 268 2096 executie
292 2067 368 2096 ende
395 2067 425 2095 in
451 2067 473 2097 't
499 2070 583 2097 werk
608 2070 692 2105 neit,
714 2069 735 2098 't
754 2079 850 2107 geen,
871 2073 921 2101 dat
947 2073 999 2102 het
1022 2074 1197 2107 bundelken

77 2143 100 2161 ,‚
122 2127 213 2159 pylen
241 2132 302 2153 met
325 2133 421 2153 eencu
451 2126 540 2154 bandt
563 2126 701 2156 ’tzamen
727 2130 884 2164 geknoopt
913 2131 992 2158 ende
1015 2133 1199 2165 gebondeu·

77 2200 102 2218 ,‚
122 2184 174 2211 het
198 2183 316 2210 welcke
351 2184 410 2217 ghy
434 2182 468 2211 in
502 2192 572 2212 uwe
600 2187 707 2220 zeguel
742 2194 852 2222 voert,
888 2188 1088 2223 medebrengt
1115 2191 1195 2219 ende

82 2259 108 2276 „
129 2238 274 2273 beduyt.''
816 2241 822 2244 ”

107 2295 162 2334 (ι)
181 2297 255 2325 Vid.
277 2298 372 2333 nor,
393 2299 455 2334 Op.
474 2299 496 2330 1.
517 2298 586 2326 Lib.
613 2298 698 2329 XIII.
725 2299 782 2329 sol.
812 2307 876 2330 102.
906 2300 952 2336 sq.
979 2314 1018 2325 -·-
1038 2303 1190 2340 Hooft,

71 2350 131 2385 op.
153 2352 174 2379 ι.
195 2358 262 2387 pag.
278 2354 346 2388 636.
368 2352 414 2389 sq.
445 2368 481 2377 -
500 2353 604 2383 Lmen
625 2361 687 2382 cet.
709 2354 765 2383 u1.
788 2363 856 2390 pag.
881 2364 949 2392 299.
971 2356 1036 2393 sqq.

627 2422 667 2461 N
