1483 2860
224 288 304 327 :150
451 277 1120 319 COMM-ENT-ATIO

246 399 250 402 ·
285 387 451 426 Primum
489 398 557 436 1)ng
583 387 702 427 varias
729 387 856 427 literas
888 389 1028 428 civium
1057 389 1353 429 animosfferextt

237 467 276 496 et
315 457 362 495 ad
387 457 563 496 virtutem
591 457 785 496 excitavit.
840 459 1048 497 Admonuit
1069 467 1162 506 eos,
1181 468 1222 498 ut
1244 471 1355 508 egen·

237 536 294 567 tes
327 527 545 576 debilesque
572 528 771 574 homines,
808 527 874 576 qui
911 530 956 567 ad
994 529 1122 566 urbem
1157 529 1358 568 defenden-

237 597 320 635 dam
354 595 532 635 inservire·
575 598 674 636 haud
711 597 890 646 possent,
940 610 985 637 ex
1023 600 1085 637 illa
1118 599 1357 648 emitterent,

240 667 362 715 deque
409 667 514 706 victu
565 676 638 705 tam
677 679 813 715 parce,
851 678 926 707 tam
961 670 1132 707 restricte
1175 677 1326 718 agerent
1338 682 1358 716 ·,

240 746 285 775 ut
329 749 396 785 per
443 747 518 776 tres
564 737 705 776 menses
748 738 862 777 vitam
901 739 1105 778 sustentare
1152 739 1360 787 urbemque

239 806 336 850 tueri
366 805 532 855 possent.
589 808 768 855 Sperabat
795 809 891 846 enim
908 837 920 854 ‚
948 809 982 846 se
1006 809 1142 847 interea
1166 809 1358 858 Hispanos

239 877 286 914 de
318 876 408 921 urbe
442 876 680 924 depulsurum
722 877 815 915 esse.
881 878 997 916 Porro
1026 889 1155 914 omnes
1189 878 1362 915 adhorta-

239 955 302 984 tus
332 956 418 993 est,
446 957 488 984 ut
517 947 682 984 hostium
716 946 874 995 impetui
909 947 1057 984 fortiter
1082 958 1124 987 ac
1154 945 1363 984 constanter

234 1015 448 1070 ‚resisterent
475 1025 511 1056 et
529 1018 628 1066 apud
649 1016 813 1066 animum
841 1017 1048 1066 cogitarent
1074 1028 1153 1054 non
1182 1015 1363 1065 Lugduni

240 1093 413 1132 tantum,
454 1097 583 1124 verum
620 1085 727 1124 etiam
767 1085 886 1123 totius
915 1085 1056 1135 patriae
1091 1085 1239 1127 salutem
1273 1096 1361 1124 cum

239 1153 319 1210 hac'
348 1155 558 1196 defensione
594 1164 695 1193 arcte
728 1157 964 1205 conjunctam
1003 1154 1093 1194 esse,
1160 1155 1363 1206 Quaprop-

239 1235 296 1264 ter
318 1226 446 1265 ultima
470 1227 597 1274 potius
619 1226 839 1274 experienda
860 1227 1065 1272 ducerent,
1094 1237 1202 1272 quam
1231 1224 1359 1262 urbem

240 1296 419 1335 hostibus
472 1298 672 1335 traderent.
751 1294 894 1345 Quodsi
938 1295 1060 1332 officio
1105 1293 1171 1332 suo
1220 1293 1363 1342 optime

241 1364 364 1421 functi
389 1365 533 1412 essent,
560 1365 727 1404 omnium
762 1365 899 1407 civium
929 1375 1074 1414 gratum
1108 1364 1270 1411 animum
1304 1376 1365 1403 ae·

240 1446 457 1483 ternamque
484 1436 638 1483 gloriam
667 1435 734 1474 fibi
769 1443 1040 1484 compararent.

296 1506 414 1544 Hisce
453 1505 773 1544 admonitionibus
810 1504 959 1544 excitati
988 1503 1360 1552 Lugduni-batavi,

239 1577 440 1626 Joanne
479 1575 666 1619 Doesio,
699 1574 917 1624 praestem,
957 1574 1113 1613 iri-menti
1151 1575 1254 1613 hosti
1292 1574 1364 1621 fin,-

246 1646 365 1695 gulari
397 1645 537 1683 virtute
561 1655 598 1683 et
620 1644 888 1693 perseverantia
909 1645 1126 1682 restiterunt
1153 1646 1237 1695 (1).

251 1700 253 1702 .
298 1717 342 1756 In
365 1725 467 1754 tanta
491 1728 610 1754 rerum
643 1715 923 1764 perturbatione
938 1743 951 1762 ‚
978 1715 1018 1752 in
1040 1714 1178 1753 summa
1199 1714 1366 1755 omnium

241 1772 460 1834 *anxietate,
489 1786 798 1826 Gulielmus
827 1784 969 1833 semper
1000 1786 1130 1831 omni,
1187 1796 1259 1833 qua
1285 1796 1368 1834 *po-s

250 1857 353 1904 tuit,
400 1856 592 1905 vigilantia
642 1867 682 1894 ac
726 1855 917 1902 diligentia
971 1854 1160 1904 regiminis
1209 1853 1365 1907 formam

251 1928 440 1965 emendare
478 1936 514 1964 et
559 1925 823 1974 rempublicam
864 1925 901 1961 in
938 1924 1125 1961 meliorem
1150 1923 1278 1962 statum
1313 1937 1371 1963 re-

250 1999 374 2046 digere
410 2006 568 2035 conatus
616 2004 690 2034 est.
755 1994 1077 2044 Quemadmodum
1127 2003 1232 2031 antea
1269 1995 1366 2044 regis

253 2067 404 2106 nomine
467 2077 574 2104 utens
599 2095 612 2113 ‚
663 2077 793 2103 omnes
848 2064 1075 2107 hollandiae
1125 2070 1171 2102 en
1213 2065 1367 2104 Zeelan·

248 2138 336 2176 diac
370 2136 510 2175 incolas
540 2135 578 2174 in
606 2135 693 2173 alias
721 2136 894 2184 regiones
920 2134 986 2172 niss
1032 2134 1099 2179 suo
1135 2126 1368 2173 Ordinumve

245 2209 248 2214 ’
372 2206 376 2209 ⁴
1300 2205 1369 2261 im?

248 2320 253 2329 ‹
294 2313 347 2348 (1)
369 2301 438 2340 νίιι.
460 2313 476 2338 ιε,
492 2318 552 2342 or.
575 2311 634 2344 ορ.
655 2309 708 2337 Lib
738 2310 802 2337 v11.
825 2308 883 2337 foi.
901 2316 948 2342 23.
971 2310 1014 2344 sq.
1040 2323 1074 2330 -
1096 2309 1244 2344 noost,
1265 2305 1332 2338 ιη’.
1343 2309 1368 2338 1.

250 2375 316 2403 pag.
340 2373 405 2401 373:
429 2380 462 2388 -
484 2367 589 2396 chen
609 2374 668 2394 cet.
684 2367 732 2395 ¹11.
754 2373 819 2400 pag.
842 2370 911 2403 4533.
928 2366 992 2401 sqq.
1350 2373 1353 2377 ·
