1483 2860
431 242 945 282 LITERARIA
1196 254 1246 292 ῃ

175 353 220 391 In
247 363 374 400 magna
414 351 673 390 sententiarum
712 352 920 391 diversitate
954 351 1005 389 ita
1042 349 1117 388 fere
1154 351 1249 389 Gu-

127 423 341 462 lielmus
373 425 523 461 locutus
543 431 625 461 est:

182 522 206 542 ‚‚
233 494 311 544 Qui
343 495 463 532 adhuc
492 493 731 543 dissimulare„
759 492 969 531 convenit?
998 492 1073 531 fine
1100 490 1254 539 ambage

130 592 156 612 „
182 564 437 603 nunciandum
466 573 524 602 est
565 564 685 613 Regi,
719 565 791 602 hoc
820 564 858 601 in
882 563 976 601 statu
1001 563 1134 601 salvam
1163 561 1255 601 stare

128 662 154 683 „
179 645 258 673 non
301 633 410 683 posse
446 634 730 683 rempublicam.
784 634 999 673 Multitudo
1030 644 1086 675 cx
1123 633 1258 681 magnit

130 732 156 753 „
181 714 287 753 parte
331 717 352 743 a
390 705 572 753 religione
609 706 792 755 majorum
842 705 998 752 deficit,
1037 714 1107 743 nec
1149 713 1258 752 pares

124 803 157 824 ⁷„
184 774 269 814 sunt
305 776 544 825 magistratus
578 784 683 815 tanto
714 776 902 815 incend10.
957 773 1119 824 Proprio
1162 772 1258 812 vitio

136 873 162 893 „
188 846 405 885 Provinciae
441 846 636 895 laborant,
675 855 832 895 propter
869 846 1103 886 sacerdotum
1136 854 1260 884 mores

138 943 164 964 „
189 916 363 955 sordibus
396 918 619 958 maculatos,
679 917 834 956 Frustra
870 917 1046 965 contagio
1090 925 1262 963 arcetur,

135 1013 161 1034 „
187 990 297 1037 qu'us
338 987 443 1025 causa
471 987 511 1025 in
549 987 760 1025 visceribus
789 987 916 1026 alitur.
981 987 1086 1037 Quid
1118 986 1265 1025 edicto-

136 1083 162 1105 „
189 1068 268 1094 rum
309 1056 485 1095 severitas
524 1058 704 1096 hactenus
741 1056 940 1107 profecit,
979 1056 1048 1096 nisi
1085 1064 1130 1095 ut
1163 1064 1266 1094 atro·

133 1150 160 1171 „
187 1125 268 1163 cior
301 1125 512 1164 succederet
534 1125 762 1173 Inquifitio?
788 1138 912 1174 neque
934 1126 1023 1164 haec
1053 1124 1129 1174 ipsa
1158 1135 1266 1163 coer-

135 1221 161 1242 „
187 1195 314 1233 cendis
349 1195 500 1244 flagitiis
540 1194 625 1233 satis
652 1196 802 1244 valida3
844 1195 1060 1234 mitioribus
1095 1193 1266 1233 remediis

140 1291 166 1313 ‚‚
193 1265 370 1304 emendae
397 1265 483 1304 sunt
519 1265 588 1303 hae
625 1265 803 1304 maculae.
858 1265 1056 1303 Ostentata
1080 1272 1268 1303 tormenta

137 1363 164 1384 „
189 1336 337 1384 ingenia
359 1345 604 1384 exasperant,
640 1347 689 1374 ex
721 1336 834 1374 unius
869 1334 1061 1373 cineribus
1083 1334 1185 1372 mille
1211 1345 1270 1372 re-

141 1433 167 1453 „
192 1414 425 1455 nascuntur3
454 1408 547 1445 male
577 1407 616 1444 id
654 1405 805 1454 cogitur
828 1405 872 1443 ad
907 1405 1012 1453 quod
1046 1405 1269 1453 persuaden-

141 1503 166 1525 „
193 1476 243 1513 do
267 1476 462 1524 pervenire
494 1485 674 1525 oportet3
701 1476 825 1513 acrius
858 1475 1046 1523 stimulat,
1077 1475 1143 1523 qui
1176 1485 1270 1515 con-

142 1574 167 1595 „
192 1544 356 1584 scientiis
379 1546 455 1585 vim
472 1545 581 1585 affert
595 1576 609 1594 ,
630 1555 667 1584 et
687 1546 954 1595 intempestiva
973 1545 1058 1584 sunt
1083 1546 1271 1594 remedia,

139 1643 164 1665 ‚.,
192 1616 334 1665 quibus
362 1616 496 1655 delicta
523 1616 640 1665 magis
671 1617 927 1656 accendimus.
981 1616 1159 1655 Imitandi
1183 1615 1270 1655 sunt

146 1714 171 1734 „
196 1686 308 1734 periti
334 1686 497 1734 medici,
527 1688 594 1735 qui
627 1687 813 1725 interdurn
849 1688 936 1734 plus
975 1686 1127 1734 quiete,
1157 1697 1270 1734 quam

139 1785 165 1806 „
190 1757 380 1796 movendo
405 1757 623 1806 proficiunt.
667 1757 841 1795 Honeste
863 1757 988 1804 cedit,
1020 1756 1087 1805 qui
1107 1755 1272 1804 tempori

141 1855 168 1876 „
191 1827 316 1875 cedit3
345 1828 419 1865 hoc
441 1835 498 1865 est
510 1826 765 1865 necessitatem
790 1827 975 1865 aestimat.
1029 1827 1156 1865 Nemo
1177 1824 1272 1864 mihi

135 1925 171 1948 ‚,
197 1898 367 1946 priorum
396 1897 626 1938 saeculorum
659 1897 913 1935 innocentiam
944 1896 1112 1947 objiciat.
1167 1896 1273 1936 Idem

139 1996 175 2019 ‚‚
202 1969 335 2019 genius
371 1968 549 2008 hodierna
574 1968 724 2017 ingenia
762 1979 840 2006 non
865 1967 1078 2017 conjungit.
1132 1968 1273 2015 Neque
1331 1968 1336 1972 “

83 2072 87 2074 μ
143 2067 176 2088 ,,
203 2041 293 2079 olim
327 2051 535 2089 poenarum
557 2048 707 2086 metus,
735 2037 795 2076 sed
827 2037 883 2076 sui
917 2049 1043 2077 mores
1077 2048 1271 2087 quemque

141 2138 175 2160 ‚.,
200 2111 435 2150 continuere.
489 2111 552 2149 Ne
588 2110 816 2150 irritamenta
848 2108 999 2156 quidem
1032 2109 1158 2147 eadem
1195 2107 1272 2148 sec·

138 2207 172 2230 „
197 2180 248 2219 tis
284 2181 555 2229 nascentibus,
595 2191 715 2229 quum
751 2180 872 2219 adhuc
901 2179 1000 2219 inter
1031 2189 1268 2229 paucorum3

141 2278 175 2300 ,‚
201 2250 411 2300 viliumque
452 2251 718 2291 conscientiam
767 2251 1111 2291 concluderenturz
1166 2258 1269 2289 totae

137 2347 173 2370 „
198 2319 312 2363 hodie
333 2320 506 2372 regiones
529 2321 619 2363 huic
653 2321 873 2373 disciplinae
896 2322 1109 2371 accedunt,
1134 2328 1179 2360 ut
1198 2318 1271 2358 mi-

1119 2417 1155 2442 „
1182 2398 1266 2430 rum
