1483 2860
345 183 940 226 THEOLOGchr
1157 179 1202 221 st

89 298 190 339 'credi
220 296 424 346 cupiebat,
461 295 508 333 ad
540 295 635 333 hane
668 292 883 341 dignitatem
916 298 1084 329 evectum
1108 288 1204 327 fuis*

86 369 124 407 se
156 367 247 416 (1);
296 368 436 405 multos
470 376 560 403 vero
595 365 668 402 hoc
708 362 788 410 ipso
821 363 990 410 tempore
1037 358 1197 407 querelis

87 439 162 477 illis
187 438 324 476 nullam
346 434 515 474 habuisse
533 433 639 472 fidem
656 461 669 479 ‚
693 441 808 470 testes
834 431 919 469 sunt
934 459 947 477 ,
974 429 1039 478 qui
1061 430 1106 466 de
1131 429 1198 466 hac

84 522 125 548 re
153 507 365 547 sententiam
401 505 552 553 publice
576 502 744 552 profiteri
776 503 873 540 haud
896 508 1123 539 metuerunt.

137 580 200 618 Ex
227 579 300 628 jam
333 575 488 614 narratis
524 572 692 612 universe
728 572 935 617 efficimus⁹
970 571 1073 618 quod
1108 567 1204 607 infra'

87 649 241 690 uberius
269 645 436 697 patebit,
477 654 555 682 non
588 645 626 682 id
654 642 834 691 spectasse
866 626 1122 687 Gregmium,
1159 647 1203 677 ut

89 730 226 760 novam
274 717 426 766 prorsus
475 702 702 753 hierarchiae
749 714 851 751 daret
901 695 1057 748 formam
1076 739 1090 756 .‚
1145 707 1208 745 sed

87 791 217 841 potius
261 795 304 826 ut
341 787 437 825 hanc
470 784 722 823 monarchiam
759 782 921 827 sacram,
973 790 1068 827 quae
1103 788 1207 826 mag-

86 864 135 900 na
168 862 241 910 jam
273 857 492 897 auctoritate
528 856 565 892 in
602 855 760 902 Europa
799 850 1007 901 gaudebat,
1042 849 1088 887 ad
1122 849 1208 886 des-

89 930 453 980 potismum9atque
484 925 575 963 adeo
602 924 648 961 ad
679 926 798 972 ἀκμὴν
823 921 920 959 suam
952 920 1199 969 perduceret3

90 1001 195 1049 quod
229 1007 272 1038 ut
309 997 494 1042 efficeret,
531 1005 610 1032 non
648 1004 746 1041 opus
789 992 821 1029 ei
866 999 942 1028 erat
977 989 1203 1027 hierarchiae

85 1071 270 1116 formam,
295 1079 425 1106 verum
451 1065 630 1103 rationem
647 1091 659 1110 ,
675 1071 815 1100 mutare
838 1061 922 1110 (2).
975 1045 1115 1107 Neque
1150 1057 1203 1096 ita

85 1150 212 1178 novus
248 1137 295 1175 ab
327 1135 473 1183 integro
507 1131 754 1170 instituendus
785 1138 860 1166 erat
904 1139 1026 1165 rerum
1072 1112 1206 1164 Eccle-

86 1209 312 1251 fiasticarum
348 1205 468 1250 ordo,
509 1203 570 1241 sed
605 1200 809 1239 hierarchia
855 1183 966 1235 novis
1015 1196 1203 1234 fulcienda

87 1278 256 1319 subfidiis
283 1305 297 1324 ‚
355 1287 397 1312 ac
444 1273 481 1310 in
530 1272 712 1310 summum
763 1268 961 1316 potestatis
1007 1250 1201 1314 fastigium

88 1349 274 1400 evehenda
319 1346 414 1396 (3);
460 1342 608 1387 verbo,
660 1342 734 1378 hoc
779 1347 855 1376 erat
895 1338 935 1375 in
974 1335 1112 1383 votis,
1160 1345 1203 1373 ut

88 1420 237 1466 omnia,
266 1428 360 1465 quae
395 1414 442 1452 ad
465 1411 668 1452 Ecclesiam
699 1409 956 1458 pertinerent,
987 1403 1099 1455 penes
1130 1406 1206 1444 Ec-

87 1488 312 1530 elefiasticos
337 1484 470 1523 essent.
522 1480 732 1529 Gregorius
767 1478 968 1524 coelestia,
996 1488 1090 1524 quae
1111 1474 1204 1514 tunc'

89 1559 325 1602 dicebantur,
338 1551 575 1592 terrestribus
591 1547 739 1587 misceri
752 1548 1046 1585 animadvertens
1056 1574 1069 1593 ,
1081 1533 1142 1583 ilia
1157 1545 1206 1584 ab*

91 1621 149 1670 his
172 1629 358 1667 secernere
389 1622 541 1665 voluit,
570 1628 612 1658 ut
649 1605 854 1667 principem
882 1602 957 1665 ipse
989 1618 1112 1655 Iocum
1140 1627 1206 1654 oc-

89 1709 258 1750 cuparet.
286 1691 525 1744 Episcopaiia
540 1690 634 1728 enim
653 1699 803 1726 munera
829 1689 902 1724 huc
935 1698 1056 1734 usque
1082 1688 1206 1735 Impe-'

87 1773 134 1814 rii
153 1765 384 1810 beneficiaria
408 1762 535 1802 habita
561 1759 734 1806 fuerant,
761 1765 915 1806 propter
938 1755 1079 1794 fundos
1095 1757 1210 1794 clien-⁸

1154 1833 1212 1865 te:

132 1978 186 2015 (ι)
204 1975 294 2012 Quod
321 1962 386 2007 ipse
422 1964 646 2003 Gregorius
674 1953 827 1998 professus
852 1955 918 1996 est,
940 1945 1060 1996 Epis‘t„
1080 1945 1148 1988 Lib.
1180 1945 1210 1988 f:

96 2037 186 2074 epist.
208 2041 224 2068 3
245 2039 276 2062 et
293 2041 354 2069 39,
374 2036 405 2058 et
425 2023 497 2055 Lib.
514 2024 580 2053 VII.
596 2030 648 2056 ep.
667 2027 716 2053 23.

132 2095 186 2131 (α)
206 2092 274 2121 Vid.
294 2091 324 2129 J.
354 2082 602 2117 Febronius,
637 2078 694 2105 De
704 2076 789 2111 statu
816 2074 994 2110 Ecclefiag,
1031 2074 1123 2102 Tom
1144 2065 1214 2110 11'1,

94 2160 160 2190 με·
180 2159 214 2186 59
231 2150 317 2183 seqq·

135 2208 308 2248 (3)1t1em‚
327 2205 349 2233 l.
367 2201 504 2232 c.Tom
520 2184 577 2226 IV.
599 2202 666 2231 pag.
692 2193 746 2226 185
773 2190 878 2224 seqq-¹
900 2188 1115 2223 erplanck,
1137 2189 1158 2216 1.
1182 2195 1211 2219 c,

100 2261 426 2298 lv.B.1.Ab.1›ag.
449 2264 512 2286 110.

665 2319 692 2356 F
