1560 2860
311 280 364 324 16
666 277 1048 325 ORATIO.

306 419 400 464 dem
436 426 480 463 ut
509 418 700 463 omnibus
744 416 952 475 cognitum
991 422 1075 470 est;
1134 413 1194 458 ita
1224 414 1402 461 fortasse

303 496 437 543 minus
463 497 748 556 pervulgatum
777 501 861 547 est,
890 507 968 537 nec
991 492 1126 536 minus
1150 499 1289 536 tamen
1307 507 1402 537 me-

304 572 531 625 morabile,
562 571 633 615 ubi
659 572 732 615 sua
757 570 842 614 vice
860 584 1034 628 regnare
1055 568 1278 627 incepisset
1303 571 1403 611 cri-

304 653 396 692 tica
422 649 491 692 illa
526 647 720 691 Kantii
757 646 890 699 ratio,
923 645 1060 690 subito
1087 644 1170 704 ipsi
1199 644 1401 689 adversa-

301 725 409 769 rium
454 739 498 769 se
544 724 707 767 dedisse
747 722 1102 778 Bardilium3
1136 721 1234 780 qui,
1263 721 1402 781 impar

303 800 459 846 scilicet
502 787 745 858 congressus
794 800 943 844 Achilli
958 832 971 854 ,
1022 801 1099 852 ea,
1146 799 1228 855 qua
1266 798 1403 856 major

305 892 393 922 esse
421 892 504 920 non
532 884 695 935 posset,
724 877 902 931 fiducia,
930 892 1008 936 per
1039 876 1238 920 formulas
1268 874 1405 919 arith-

300 953 472 998 meticas
489 986 500 1007 ,
533 954 651 1010 quasi
680 955 881 997 calculum
909 953 1184 1006 subduceret,
1216 952 1297 996 Dei
1320 952 1406 995 im-

299 1031 486 1075 mortalis
516 1030 638 1075 vitam
662 1031 940 1090 comprobare
971 1027 1323 1089 conaretur.(12)
1355 1054 1406 1065 —

300 1107 437 1152 Porro
463 1108 689 1152 luculenter
718 1115 862 1150 nostra
889 1107 1011 1150 docet
1039 1104 1244 1158 Historia,
1276 1119 1403 1162 quam

300 1184 406 1229 mire
452 1184 731 1240 antiquiorum
775 1183 962 1236 diversa,
1006 1197 1137 1239 eaque
1177 1195 1263 1224 non
1304 1195 1405 1225 raro

299 1260 379 1305 sibi
401 1260 575 1304 invicem
605 1260 814 1303 contraria
846 1260 1012 1303 decreta
1040 1258 1263 1302 conflando
1291 1260 1404 1300 mis-

299 1341 478 1380 cuerint
517 1336 786 1396 posteriores.
864 1336 1025 1389 Veluti,
1058 1335 1110 1379 de
1149 1333 1295 1378 mundi
1321 1347 1404 1377 na-

298 1413 450 1457 talibus
500 1413 849 1472 philosophatus,
909 1411 949 1455 H
965 1427 986 1456 e
1001 1428 1023 1455 r
1039 1426 1062 1455 a
1079 1425 1101 1455 c
1114 1411 1155 1453 li
1172 1418 1229 1454 tu
1245 1426 1265 1454 s
1309 1424 1402 1455 cum

297 1489 674 1549 Physicorum
720 1489 804 1533 sive
843 1489 1189 1532 Jonieorum
1238 1487 1403 1546 placitis

275 1565 693 1610 'Eleaticorum
725 1566 1007 1609 confundebat
1044 1564 1272 1608 doctrinas.
1342 1564 1406 1608 Ne

297 1641 520 1687 Stoicos
550 1657 659 1686 nunc
683 1656 933 1695 memorem,
966 1643 1037 1699 qui
1064 1642 1291 1686 eorundem
1315 1641 1344 1685 J
1351 1655 1405 1685 0-

297 1719 586 1772 nicorum,
635 1718 687 1762 de
733 1719 880 1763 eodem
922 1726 1190 1777 argumento,
1236 1717 1404 1762 decreta

298 1795 357 1841 Pl
374 1803 465 1840 ato
478 1795 595 1840 nici
611 1811 630 1840 s
647 1828 658 1849 ‚
675 1811 726 1840 ne
745 1795 836 1853 quis
853 1796 1025 1840 miretur
1040 1827 1051 1848 ‚
1071 1794 1339 1854 copulabant.
1352 1820 1404 1829 -

298 1871 384 1920 Sed
419 1873 586 1930 quando
616 1872 721 1917 haec
751 1875 1081 1916 conciliationis
1109 1872 1246 1916 studia
1274 1885 1405 1930 spec-

298 1948 442 2004 tasti33
502 1964 587 1993 non
637 1949 724 1994 sine
773 1949 1132 1994 animadversione
1169 1948 1251 1992 hoc
1279 1948 1404 1993 etiam

298 2023 513 2070 dimittatis
550 2027 670 2071 velim
709 2028 934 2071 multorum
978 2026 1235 2079 institutum,
1293 2039 1404 2083 quo,

294 2100 402 2146 inter
448 2103 679 2147 contrarias
717 2103 880 2161 sibique
916 2104 1092 2148 invicem
1134 2102 1402 2147 adversantes

296 2178 623 2237 philosophandi
639 2180 749 2234 vias,
784 2184 978 2223 mediam
1007 2180 1241 2238 quandam,
1269 2177 1401 2222 tutio-

298 2269 386 2302 rem
427 2256 532 2308 sibi,
583 2264 627 2301 ut
668 2259 919 2316 sperabant,
967 2259 1172 2309 suturam,
1219 2255 1402 2315 reperire

302 2339 426 2390 atque
447 2333 609 2392 ingredi
634 2341 895 2379 conarentur.
959 2337 1019 2378 lta
1048 2333 1265 2388 nimirum,
1293 2333 1400 2375 inter

1291 2411 1402 2453 Mo-
