1483 2860
457 204 890 255 JURIDICA.
1178 203 1226 254 σς)

449 347 907 388 ΟοΝοιυειο.

165 522 356 572 Expofitis
389 523 583 574 principiis
629 524 901 574 effectibusque
933 525 1229 565 conventionum

114 593 405 640 generalioribus
420 623 433 642 ‚
460 594 589 644 paucis
616 596 879 634 contrahamus
903 607 998 644 quae
1015 597 1089 635 huc
1111 608 1232 645 usque

114 661 403 712 disputavimus.
458 664 751 704 observavimus
781 666 819 703 in
850 667 978 704 multis
999 667 1061 716 jus
1086 665 1234 704 hodier-

113 742 204 770 num
236 745 322 772 cum
358 736 441 785 Jure
478 735 652 774 Romano
689 735 922 784 convenire,
963 736 1049 773 licet
1087 734 1231 784 saepius

113 800 226 853 longe
262 798 403 844 diversa
440 804 658 845 sanciverint
690 805 909 854 (praecepta.
970 804 1233 855 Discrepantia

113 881 237 912 autem
271 875 358 914 haec
395 875 439 913 ad
474 883 547 913 tres
579 875 813 924 potissimum
855 868 1130 914 observationes
1175 888 1234 915 re-

116 941 206 981 ferri
236 953 386 993 potest,
417 956 510 993 quae
534 953 686 993 notam,
712 954 754 984 ut
792 945 842 983 ita
876 945 1023 995 dicam,
1049 946 1237 985 characte-

113 1011 280 1051 risticam
313 1014 409 1052 inter
441 1024 641 1063 utrumque
672 1026 735 1064 Jus
767 1015 1013 1054 constituunt.

164 1081 197 1120 Ι.
226 1083 269 1120 In
302 1084 384 1132 jure
407 1084 531 1127 Rom.
564 1085 640 1123 sola
670 1085 879 1124 voluntatis
906 1086 1104 1124 declaratio
1136 1086 1233 1124 inter

114 1158 237 1198 partes
268 1153 528 1191 contrahentes
560 1154 707 1192 civilem
743 1154 1011 1202 obligationem
1045 1163 1082 1193 et
1115 1155 1233 1194 actio·

112 1229 195 1257 nem
226 1222 433 1269 producere
469 1224 632 1272 nequit;
672 1223 733 1262 sed
746 1225 791 1262 ad
813 1224 851 1262 id
876 1224 1050 1262 accedere
1075 1224 1234 1265 debebat

111 1290 203 1338 legis
228 1291 425 1340 dispositio
445 1304 465 1330 e
491 1293 647 1341 generali
675 1294 771 1343 juris
794 1293 982 1332 sanctione
1003 1295 1062 1333 vel
1085 1294 1233 1343 speciali

109 1358 376 1400 constitutione
406 1364 551 1411 plenam
579 1363 775 1412 obligandi
809 1365 886 1403 vim
908 1366 1229 1405 conventionibus

112 1431 337 1470 concedens.
389 1433 431 1470 In
448 1435 531 1483 J'ure
554 1446 644 1473 vero
668 1435 850 1474 hodierno
874 1435 974 1475 solus
1002 1437 1201 1477 consensus
1216 1467 1231 1488 ,

112 1499 226 1537 modo
256 1512 276 1538 a
297 1501 462 1549 personis
494 1506 737 1544 contrahendi
780 1506 1010 1556 capacibus,
1050 1517 1086 1546 et
1123 1507 1232 1558 super

113 1566 301 1617 obJ'ectum
335 1571 477 1609 licitum
517 1573 780 1623 interpofitus‚
818 1577 940 1616 valide
974 1578 1143 1627 obligat,
1170 1592 1234 1618 ex-

112 1639 231 1685 ceptis
263 1646 405 1678 tantum
432 1641 476 1679 iis
499 1645 785 1693 contractibus,
813 1646 853 1684 in
881 1648 1019 1696 quibus
1039 1647 1230 1700 solennia,

111 1707 192 1757 lege
223 1708 472 1758 praescripta,
501 1712 726 1753 observanda
745 1714 845 1755 sunt.

161 1777 212 1817 II.
242 1779 340 1818 Cum
373 1781 569 1828 peculiaris
607 1783 864 1824 Romanorum
892 1773 1117 1834 procedendi
1151 1801 1232 1829 mo·

112 1847 185 1887 dus
222 1861 267 1887 ex
294 1849 361 1888 usu
395 1852 572 1900 recessit,
600 1855 799 1893 discrimen
833 1868 986 1905 quoque
1015 1858 1112 1897 inter
1138 1872 1231 1899 con-

108 1926 249 1958 tractus
281 1920 401 1959 bonae
427 1922 511 1960 fidei
535 1932 571 1961 et
598 1923 711 1962 stricti
728 1926 824 1974 Juris
853 1925 1053 1968 secundum
1074 1931 1137 1979 J‘us
1161 1932 1231 1969 ho-

110 1988 280 2029 diernum
314 1991 485 2032 cessavit.
538 1994 636 2032 Nam
669 1996 769 2044 apud
800 2007 872 2036 nos
907 2009 1036 2038 omnes
1068 2011 1232 2040 conven-

111 2059 233 2099 tiones
259 2060 380 2100 bonae
403 2062 487 2100 fidei
521 2064 712 2104 dicuntur.

162 2131 230 2170 111.
258 2132 393 2171 Nudae
433 2134 637 2174 voluntatis
673 2135 913 2174 declarationi
943 2139 1118 2189 majorem
1150 2140 1227 2180 vim

108 2202 172 2249 J'us
202 2201 421 2241 hodiernum
449 2203 610 2251 tribuit,
641 2217 751 2254 quarn
769 2208 831 2257 jus
852 2208 970 2248 Rom.
1024 2209 1093 2248 Per
1111 2210 1228 2250 solum

112 2270 209 2310 enim
241 2272 454 2312 consensum
494 2275 697 2315 dominium
739 2289 893 2327 rerum,
934 2289 1028 2328 quae
1066 2280 1104 2319 in
1138 2292 1230 2319 con-

1141 2363 1232 2394 ven·
