1483 2860
273 303 322 344 54
492 290 1169 333 CO-'MMENTATIO

273 401 502 440 Gul1elm
516 413 598 451 us,
647 401 761 452 hujus
807 412 897 440 vero
939 400 1144 451 Viglius
1189 401 1388 442 acerrimus

274 480 457 522 patronus
484 471 637 512 exstitit.
1166 477 1172 480 ’

332 541 487 590 „Regis
503 540 1121 590 voluntas—inquitGulielm
1136 543 1415 582 tis—omnis

281 639 307 662 ‚‚
331 622 384 651 no
397 611 590 661 perspicua
605 639 618 660 ‚
645 623 692 651 ex
715 612 828 651 variis
855 610 1181 652 deliberationibus
1195 611 1392 664 profecta,

284 709 310 731 ,‚
334 681 447 720 nobis
472 682 699 731 explicatur.
728 681 830 721 Huic
851 680 966 732 igitur
988 692 1195 732 repugnare
1215 681 1395 720 maximae

282 779 308 801 „
332 750 432 790 foret
466 752 749 801 contumaciae,
783 763 861 801 qua
886 752 924 790 in
959 752 1126 791 acerbam
1155 750 1274 801 Regis
1298 750 1398 790 invi-

282 849 308 870 „
333 821 429 862 diam
461 830 575 870 atque
592 831 593 834 ’
609 823 698 861 iram
725 822 1015 863 incurreremus.
1380 856 1382 859 .

336 919 361 939 „
386 891 558 940 Agedum
585 913 642 925 -·-
671 892 796 942 inquit
842 892 1060 942 Viglius
1080 915 1134 926 —
1158 899 1276 931 totam
1300 892 1395 930 hane

284 987 310 1008 „
334 960 427 998 iram
458 955 514 999 'in
561 973 621 1001 me
665 961 846 1012 suscipio.
924 962 967 1003 Si
1013 961 1242 1011 reipublicae
1294 960 1400 1001 &lut-i

286 1057 312 1078 „
337 1032 441 1069 tanto
465 1031 562 1070 malo
587 1031 869 1081 profuerimus,
905 1031 995 1071 huic
1023 1030 1278 1082 pervicacitati
1310 1042 1401 1070 nosv

287 1126 313 1148 ‚‚
339 1107 416 1139 trae
442 1110 574 1151 postea
602 1102 710 1141 facile
735 1102 880 1141 veniam
903 1102 1050 1142 dabit.’'
1074 1102 1177 1141 Tum
1202 1100 1403 1140 Guliel-

284 1197 309 1220 „
335 1182 372 1209 m
389 1182 413 1212 u
429 1183 474 1220 S,
517 1200 542 1221 „
568 1172 659 1221 quid
696 1173 860 1222 quaeso,
898 1171 1025 1220 inquit
1041 1199 1055 1220 ,
1106 1181 1237 1210 omnes
1280 1168 1403 1208 nostri

286 1266 311 1287 „
337 1248 396 1278 tot
433 1251 618 1291 rogatus,
657 1242 749 1290 quid
782 1242 995 1281 innumerae
1020 1241 1174 1289 literae,
1204 1240 1295 1289 quid
1321 1248 1404 1278 tan·
1459 1289 1463 1301 Ι

288 1334 313 1356 ,,
338 1311 421 1348 dem
461 1311 600 1358 legatio
633 1321 754 1363 nuper
797 1311 994 1361 suscepta,
1042 1311 1143 1360 apud
1178 1321 1301 1359 regem
1342 1321 1406 1347 va-

289 1403 315 1424 „
340 1377 474 1416 luere?
503 1379 612 1417 Nihil
636 1379 825 1429 profecto,
863 1402 919 1412 —
958 1380 1062 1430 Quid
1083 1380 1197 1428 igitur
1215 1379 1405 1428 exspecta-

290 1473 324 1496 „
349 1446 508 1486 bimus?
541 1449 645 1486 Num
688 1459 762 1486 nos
805 1448 1019 1495 senatores,
1058 1448 1253 1497 promeriti
1287 1460 1406 1497 ergo,

293 1543 319 1564 ,‚
342 1517 451 1565 cujus
484 1517 622 1555 nullam
642 1517 795 1566 gratiam
828 1518 1124 1566 consequemur,
1152 1520 1250 1567 regis
1276 1519 1406 1558 odium

293 1613 318 1634 ‚‚
343 1586 637 1634 provocabimus
657 1587 772 1636 (1).”
1474 1634 1477 1635 ⁷

341 1655 531 1706 Quorsum
558 1656 676 1695 haec?
712 1679 765 1691 «-
799 1666 950 1705 quaeret
977 1655 1077 1696 forte
1105 1657 1305 1707 quispiam.
1344 1657 1408 1697 An
1460 1683 1462 1685 -

290 1725 579 1766 Gulielmus
606 1726 833 1775 reipublicae
854 1735 971 1766 -antea
1007 1727 1160 1776 insignis
1194 1738 1410 1777 propugna-

288 1803 351 1834 tor
362 1796 502 1847 jurium
519 1825 532 1845 ,
548 1797 829 1846 privilegiorum
851 1809 891 1836 ac
907 1797 1096 1846 cogitandi
1116 1797 1297 1836 libertatis
1311 1808 1412 1843 acer·
1478 1819 1483 1824 ·

293 1864 412 1904 rimus
450 1867 638 1914 quondam
676 1867 814 1906 vindex
841 1867 879 1906 in
912 1867 1152 1916 Philippi
1181 1867 1326 1916 superbi
1351 1876 1412 1917 ty-

296 1935 402 1972 ranni
428 1944 553 1984 partes
579 1936 752 1984 transiit?
779 1937 938 1984 Minime
965 1948 1071 1975 ver0.
1111 1959 1163 1972 ψ-
1187 1937 1243 1984 Ita
1260 1937 1411 1985 quidem

295 2005 487 2044 clamitant
513 2005 713 2055 scriptores
740 2006 1003 2052 Gulielmo
1040 2004 1169 2046 infesti
1205 2015 1318 2055 atque
1353 2005 1412 2045 in·

295 2074 497 2122 tegerrimo
512 2074 594 2120 viro
620 2075 688 2114 hac
708 2074 747 2112 in
768 2087 807 2113 re
830 2075 948 2114 labem
975 2076 1188 2124 adspergere
1212 2084 1412 2124 conantur,

295 2153 375 2191 non
387 2143 556 2184 incallide
571 2153 786 2194 arguentes:
805 2157 886 2185 eum
901 2145 1044 2185 fibimet
1056 2145 1123 2195 ipfi
1135 2157 1213 2185 non
1226 2145 1412 2186 constitis-

1346 2216 1410 2265 se,

331 2314 742 2353 (1)Vid.Hoppe1-us
781 2317 843 2352 Op.
876 2315 898 2343 1.
928 2313 1062 2351 Viglii
1095 2314 1179 2350 vita¹
1213 2321 1281 2351 pag.
1308 2320 1415 2352 45.-

293 2371 553 2409 Burgundus,
575 2374 635 2409 Op.
651 2375 674 2403 1.
692 2381 758 2411 pag.
782 2382 829 2408 5²·
852 2386 889 2396 —
911 2371 1056 2409 Hooft,
1078 2373 1138 2408 Op.
1157 2373 1179 2402 Ι.
1195 2378 1263 2407 pag.
1277 2373 1326 2408 67·
1351 2368 1413 2408 sqq,
